
@ARTICLE{Alboukaey2020,
author={Alboukaey, N. and Joukhadar, A. and Ghneim, N.},
title={Dynamic behavior based churn prediction in mobile telecom},
journal={Expert Systems with Applications},
year={2020},
volume={162},
doi={10.1016/j.eswa.2020.113779},
abstract = {Customer churn is one of the most challenging problems that affects revenue and customer base in mobile telecom operators. The success of retention campaigns depends not only on the accuracy of predicting potential churners, but with equal importance, it depends on the timing when the prediction is done. Previous works related to churn prediction presented models to predict churn monthly with a focus on the static behavior of customers, and even the studies that considered the dynamic behavior of the customer, looked mainly at the monthly level behavior. However, customer behavior is susceptible to changes over days of month, and during the time leading up to a customer decision to churn, he/she starts behaving differently. Therefore, considering monthly behavioral features negatively affects the predictive performance, because it ignores changes in behavior over days of month. Moreover, predicting churners on monthly basis will be late for customers who decided to leave at the beginning of the month because they will not be detected as churners until the next month. To address these issues, in this paper, we propose daily churn prediction instead of monthly based on the daily dynamic behavior of customer instead of his monthly one. More precisely, we represent customer's daily behavior as multivariate time series and propose four models to predict churn daily based on this representation. Two models depend on features extracted from the multivariate time series, namely RFM-based model and statistics-based model. While the other models, exploit deep learning techniques for automatic feature extraction, namely LSTM-based model and CNN-based model. The predictive performance of the proposed models were investigated by evaluating them using a 150-day-long dataset collected from MTN operator in the country. The results showed that the daily models significantly outperform the monthly models in terms of predicting churners earlier and more accurately. Furthermore, the LSTM-based model significantly outperforms the CNN-based model. However, the prediction performances of the LSTM-based and the CNN-based models are equal to the prediction performance of the RFM-based model. Moreover, all of these three models significantly outperform the Statistics-based model},
art_number={113779},
note={cited By 0},
url={https://www.scopus.com/inward/record.uri?eid=2-s2.0-85088820633&doi=10.1016%2fj.eswa.2020.113779&partnerID=40&md5=f5ff210f542409b9a64a8317147edfd0},
document_type={Article},
source={Scopus},
}

@ARTICLE{González2020205,
author={González, S. and García, S. and Del Ser, J. and Rokach, L. and Herrera, F.},
title={A practical tutorial on bagging and boosting based ensembles for machine learning: Algorithms, software tools, performance study, practical perspectives and opportunities},
journal={Information Fusion},
year={2020},
volume={64},
pages={205-237},
doi={10.1016/j.inffus.2020.07.007},
abstract = {Ensembles, especially ensembles of decision trees, are one of the most popular and successful techniques in machine learning. Recently, the number of ensemble-based proposals has grown steadily. Therefore, it is necessary to identify which are the appropriate algorithms for a certain problem. In this paper, we aim to help practitioners to choose the best ensemble technique according to their problem characteristics and their workflow. To do so, we revise the most renowned bagging and boosting algorithms and their software tools. These ensembles are described in detail within their variants and improvements available in the literature. Their online-available software tools are reviewed attending to the implemented versions and features. They are categorized according to their supported programming languages and computing paradigms. The performance of 14 different bagging and boosting based ensembles, including XGBoost, LightGBM and Random Forest, is empirically analyzed in terms of predictive capability and efficiency. This comparison is done under the same software environment with 76 different classification tasks. Their predictive capabilities are evaluated with a wide variety of scenarios, such as standard multi-class problems, scenarios with categorical features and big size data. The efficiency of these methods is analyzed with considerably large data-sets. Several practical perspectives and opportunities are also exposed for ensemble learning},
note={cited By 0},
url={https://www.scopus.com/inward/record.uri?eid=2-s2.0-85089214531&doi=10.1016%2fj.inffus.2020.07.007&partnerID=40&md5=cdd28de7fbcae92a8fe92f224df8926d},
document_type={Article},
source={Scopus},
}

@ARTICLE{Choi2020,
author={Choi, J. and Yoon, J. and Chung, J. and Coh, B.-Y. and Lee, J.-M.},
title={Social media analytics and business intelligence research: A systematic review},
journal={Information Processing and Management},
year={2020},
volume={57},
number={6},
doi={10.1016/j.ipm.2020.102279},
art_number={102279},
note={cited By 0},
url={https://www.scopus.com/inward/record.uri?eid=2-s2.0-85086513143&doi=10.1016%2fj.ipm.2020.102279&partnerID=40&md5=ef05c7df37c2797fb09b1cfbae7c98aa},
document_type={Article},
source={Scopus},
}

@ARTICLE{Cho20201183,
author={Cho, P. and Lee, M. and Chang, W.},
title={Instance-based entropy fuzzy support vector machine for imbalanced data},
journal={Pattern Analysis and Applications},
year={2020},
volume={23},
number={3},
pages={1183-1202},
doi={10.1007/s10044-019-00851-x},
note={cited By 0},
url={https://www.scopus.com/inward/record.uri?eid=2-s2.0-85074559684&doi=10.1007%2fs10044-019-00851-x&partnerID=40&md5=ce3c320bccb9cab668e4b820ea0fc540},
document_type={Article},
source={Scopus},
}

@ARTICLE{Guan2020,
author={Guan, J. and Tang, C. and Ou, J.},
title={The Portrait Depiction of the Market Members Based on Data Mining},
journal={International Journal of Pattern Recognition and Artificial Intelligence},
year={2020},
volume={34},
number={7},
doi={10.1142/S0218001420590247},
art_number={2059024},
note={cited By 0},
url={https://www.scopus.com/inward/record.uri?eid=2-s2.0-85074209680&doi=10.1142%2fS0218001420590247&partnerID=40&md5=3adc0fe6beeeca80b0c79eb81ee3442d},
document_type={Article},
source={Scopus},
}

@ARTICLE{Shukla2020,
author={Shukla, A.K. and Muhuri, P.K. and Abraham, A.},
title={A bibliometric analysis and cutting-edge overview on fuzzy techniques in Big Data},
journal={Engineering Applications of Artificial Intelligence},
year={2020},
volume={92},
doi={10.1016/j.engappai.2020.103625},
art_number={103625},
note={cited By 0},
url={https://www.scopus.com/inward/record.uri?eid=2-s2.0-85083760391&doi=10.1016%2fj.engappai.2020.103625&partnerID=40&md5=54fa581b9d342693719d326da24c7663},
document_type={Article},
source={Scopus},
}

@ARTICLE{Beggs2020263,
author={Beggs, C. and Bond, A.J.},
title={A CUSUM tool for retrospectively evaluating team performance: the case of the English Premier League},
journal={Sport, Business and Management: An International Journal},
year={2020},
volume={10},
number={3},
pages={263-289},
doi={10.1108/SBM-03-2019-0025},
note={cited By 0},
url={https://www.scopus.com/inward/record.uri?eid=2-s2.0-85083770285&doi=10.1108%2fSBM-03-2019-0025&partnerID=40&md5=3f0ea9fee83b587d05902cc1a670450b},
document_type={Article},
source={Scopus},
}

@INPROCEEDINGS{Amornvetchayakul2020514,
author={Amornvetchayakul, P. and Phumchusri, N.},
title={Customer Churn Prediction for a Software-as-a-Service Inventory Management Software Company: A Case Study in Thailand},
journal={2020 IEEE 7th International Conference on Industrial Engineering and Applications, ICIEA 2020},
year={2020},
pages={514-518},
doi={10.1109/ICIEA49774.2020.9102099},
art_number={9102099},
note={cited By 0},
url={https://www.scopus.com/inward/record.uri?eid=2-s2.0-85086066217&doi=10.1109%2fICIEA49774.2020.9102099&partnerID=40&md5=006a9bd7f741ce2288a5a402adeae5aa},
document_type={Conference Paper},
source={Scopus},
}

@ARTICLE{Liu20201465,
author={Liu, X. and Xie, M. and Wen, X. and Chen, R. and Ge, Y. and Duffield, N. and Wang, N.},
title={Micro- and macro-level churn analysis of large-scale mobile games},
journal={Knowledge and Information Systems},
year={2020},
volume={62},
number={4},
pages={1465-1496},
doi={10.1007/s10115-019-01394-7},
note={cited By 0},
url={https://www.scopus.com/inward/record.uri?eid=2-s2.0-85071340809&doi=10.1007%2fs10115-019-01394-7&partnerID=40&md5=69c822a79570120254aa0d0a5d8afe03},
document_type={Article},
source={Scopus},
}

@ARTICLE{Martínez2020588,
author={Martínez, A. and Schmuck, C. and Pereverzyev, S. and Pirker, C. and Haltmeier, M.},
title={A machine learning framework for customer purchase prediction in the non-contractual setting},
journal={European Journal of Operational Research},
year={2020},
volume={281},
number={3},
pages={588-596},
doi={10.1016/j.ejor.2018.04.034},
note={cited By 6},
url={https://www.scopus.com/inward/record.uri?eid=2-s2.0-85047266230&doi=10.1016%2fj.ejor.2018.04.034&partnerID=40&md5=b16ce6c988d5ff11b7d2f6ebabc94774},
document_type={Article},
source={Scopus},
}

@ARTICLE{DeCaigny2020,
author={De Caigny, A. and Coussement, K. and De Bock, K.W.},
title={Leveraging fine-grained transaction data for customer life event predictions},
journal={Decision Support Systems},
year={2020},
volume={130},
doi={10.1016/j.dss.2019.113232},
art_number={113232},
note={cited By 0},
url={https://www.scopus.com/inward/record.uri?eid=2-s2.0-85077169316&doi=10.1016%2fj.dss.2019.113232&partnerID=40&md5=3da136e08ed42e3a5aff2d776dba12a3},
document_type={Article},
source={Scopus},
}

@ARTICLE{Seal2020,
author={Seal, A. and Karlekar, A. and Krejcar, O. and Gonzalo-Martin, C.},
title={Fuzzy c-means clustering using Jeffreys-divergence based similarity measure},
journal={Applied Soft Computing Journal},
year={2020},
volume={88},
doi={10.1016/j.asoc.2019.106016},
art_number={106016},
note={cited By 0},
url={https://www.scopus.com/inward/record.uri?eid=2-s2.0-85076739200&doi=10.1016%2fj.asoc.2019.106016&partnerID=40&md5=64dc265fcfe18f62928c81ab71f31b07},
document_type={Article},
source={Scopus},
}

@ARTICLE{Sun20205439,
author={Sun, X. and He, J.},
title={A novel approach to generate a large scale of supervised data for short text sentiment analysis},
journal={Multimedia Tools and Applications},
year={2020},
volume={79},
number={9-10},
pages={5439-5459},
doi={10.1007/s11042-018-5748-4},
note={cited By 1},
url={https://www.scopus.com/inward/record.uri?eid=2-s2.0-85041900911&doi=10.1007%2fs11042-018-5748-4&partnerID=40&md5=892b28eca41da55a0e8be41557956bcf},
document_type={Article},
source={Scopus},
}

@ARTICLE{Alweshah20201,
author={Alweshah, M. and Ramadan, E. and Ryalat, M.H. and Almi'ani, M. and Hammouri, A.I.},
title={Water evaporation algorithm with probabilistic neural network for solving classification problems},
journal={Jordanian Journal of Computers and Information Technology},
year={2020},
volume={6},
number={1},
pages={1-15},
doi={10.5455/jjcit.71-1566466063},
note={cited By 3},
url={https://www.scopus.com/inward/record.uri?eid=2-s2.0-85081245234&doi=10.5455%2fjjcit.71-1566466063&partnerID=40&md5=e68272f5f96c8d1c0c07fe5c15d331f4},
document_type={Article},
source={Scopus},
}

@ARTICLE{Li2020749,
author={Li, G. and Lin, Z. and Wang, H. and Wei, X.},
title={A Discriminative Approach to Sentiment Classification},
journal={Neural Processing Letters},
year={2020},
volume={51},
number={1},
pages={749-758},
doi={10.1007/s11063-019-10108-7},
note={cited By 0},
url={https://www.scopus.com/inward/record.uri?eid=2-s2.0-85073933302&doi=10.1007%2fs11063-019-10108-7&partnerID=40&md5=5a7cf255d24d381ad22b61727fc700dc},
document_type={Article},
source={Scopus},
}

@ARTICLE{Schaeffer2020,
author={Schaeffer, S.E. and Rodriguez Sanchez, S.V.},
title={Forecasting client retention — A machine-learning approach},
journal={Journal of Retailing and Consumer Services},
year={2020},
volume={52},
doi={10.1016/j.jretconser.2019.101918},
art_number={101918},
note={cited By 0},
url={https://www.scopus.com/inward/record.uri?eid=2-s2.0-85071747344&doi=10.1016%2fj.jretconser.2019.101918&partnerID=40&md5=5a6c40b743eb0473d5aaa83ef89f1ed3},
document_type={Article},
source={Scopus},
}

@ARTICLE{Devriendt2020,
author={Devriendt, F. and Berrevoets, J. and Verbeke, W.},
title={Why you should stop predicting customer churn and start using uplift models},
journal={Information Sciences},
year={2020},
doi={10.1016/j.ins.2019.12.075},
note={cited By 1},
url={https://www.scopus.com/inward/record.uri?eid=2-s2.0-85077973878&doi=10.1016%2fj.ins.2019.12.075&partnerID=40&md5=8fdb7b1e8502ecf7847b9a4f4c70cc02},
document_type={Article},
source={Scopus},
}

@ARTICLE{Xie2020,
author={Xie, S.-M. and Huang, C.-Y.},
title={Systematic comparisons of customer base prediction accuracy: Pareto/NBD versus neural network},
journal={Asia Pacific Journal of Marketing and Logistics},
year={2020},
doi={10.1108/APJML-09-2019-0520},
note={cited By 0},
url={https://www.scopus.com/inward/record.uri?eid=2-s2.0-85084464436&doi=10.1108%2fAPJML-09-2019-0520&partnerID=40&md5=f8b7b5e82f9aedacea27c8d6b70f3337},
document_type={Article},
source={Scopus},
}

@ARTICLE{Routh2020,
author={Routh, P. and Roy, A. and Meyer, J.},
title={Estimating customer churn under competing risks},
journal={Journal of the Operational Research Society},
year={2020},
doi={10.1080/01605682.2020.1776166},
note={cited By 0},
url={https://www.scopus.com/inward/record.uri?eid=2-s2.0-85089172546&doi=10.1080%2f01605682.2020.1776166&partnerID=40&md5=691c8d7d2bd671b5556b37b3d746385b},
document_type={Article},
source={Scopus},
}

@ARTICLE{Wang202039747,
author={Wang, G. and Wu, N.},
title={A Comparative Study on Contract Recommendation Model: Using Macao Mobile Phone Datasets},
journal={IEEE Access},
year={2020},
volume={8},
pages={39747-39757},
doi={10.1109/ACCESS.2020.2975029},
art_number={9004530},
note={cited By 0},
url={https://www.scopus.com/inward/record.uri?eid=2-s2.0-85081533520&doi=10.1109%2fACCESS.2020.2975029&partnerID=40&md5=41e82463f7476a82da19dc8d194dcfe1},
document_type={Article},
source={Scopus},
}

@ARTICLE{Libai2020,
author={Libai, B. and Bart, Y. and Gensler, S. and Hofacker, C.F. and Kaplan, A. and Kötterheinrich, K. and Kroll, E.B.},
title={Brave New World? On AI and the Management of Customer Relationships},
journal={Journal of Interactive Marketing},
year={2020},
doi={10.1016/j.intmar.2020.04.002},
note={cited By 5},
url={https://www.scopus.com/inward/record.uri?eid=2-s2.0-85084706173&doi=10.1016%2fj.intmar.2020.04.002&partnerID=40&md5=d5d27bf41a646b35c3f94741201f65ae},
document_type={Article},
source={Scopus},
}

@ARTICLE{Singh2020355,
author={Singh, D. and Sisodia, D.S. and Singh, P.},
title={Multi-objective evolutionary approach for the performance improvement of learners using ensembling feature selection and discretization technique on medical data},
journal={Current Medical Imaging Reviews},
year={2020},
volume={16},
number={4},
pages={355-370},
doi={10.2174/1573405614666180903114534},
note={cited By 1},
url={https://www.scopus.com/inward/record.uri?eid=2-s2.0-85083074046&doi=10.2174%2f1573405614666180903114534&partnerID=40&md5=389091326f2eca73c456203a18ee5b44},
document_type={Article},
source={Scopus},
}

@ARTICLE{Jegierski2020125191,
author={Jegierski, H. and Saganowski, S.},
title={An 'Outside the Box' Solution for Imbalanced Data Classification},
journal={IEEE Access},
year={2020},
volume={8},
pages={125191-125209},
doi={10.1109/ACCESS.2020.3007801},
art_number={9136875},
note={cited By 0},
url={https://www.scopus.com/inward/record.uri?eid=2-s2.0-85088702545&doi=10.1109%2fACCESS.2020.3007801&partnerID=40&md5=854719330c8d155e4330a1afcd79ade3},
document_type={Article},
source={Scopus},
}

@INPROCEEDINGS{Liu20191553,
author={Liu, X. and Wang, W. and Victor Chan, W.K. and Kuan, C.Y. and Lee, J.},
title={User Classification in Electronic Devices Using Machine Learning Methods},
journal={IEEE International Conference on Industrial Engineering and Engineering Management},
year={2019},
pages={1553-1556},
doi={10.1109/IEEM44572.2019.8978567},
art_number={8978567},
note={cited By 0},
url={https://www.scopus.com/inward/record.uri?eid=2-s2.0-85079641913&doi=10.1109%2fIEEM44572.2019.8978567&partnerID=40&md5=cec71abd18f8053fd4efcb4ba73646f8},
document_type={Conference Paper},
source={Scopus},
}

@ARTICLE{Madichetty2019,
author={Madichetty, S. and Sridevi, M.},
title={Disaster damage assessment from the tweets using the combination of statistical features and informative words},
journal={Social Network Analysis and Mining},
year={2019},
volume={9},
number={1},
doi={10.1007/s13278-019-0579-5},
art_number={42},
note={cited By 4},
url={https://www.scopus.com/inward/record.uri?eid=2-s2.0-85070236946&doi=10.1007%2fs13278-019-0579-5&partnerID=40&md5=a2df568af21e955e0768d0f1dbd7d681},
document_type={Article},
source={Scopus},
}

@ARTICLE{Khodabandelou201912153,
author={Khodabandelou, G. and Ebadzadeh, M.M.},
title={Fuzzy neural network with support vector-based learning for classification and regression},
journal={Soft Computing},
year={2019},
volume={23},
number={23},
pages={12153-12168},
doi={10.1007/s00500-019-04116-x},
note={cited By 2},
url={https://www.scopus.com/inward/record.uri?eid=2-s2.0-85067248773&doi=10.1007%2fs00500-019-04116-x&partnerID=40&md5=5ec3e71a8e34aa842a42906366322de4},
document_type={Article},
source={Scopus},
}

@ARTICLE{Khan2019128,
author={Khan, W.A. and Chung, S.H. and Awan, M.U. and Wen, X.},
title={Machine learning facilitated business intelligence (Part II): Neural networks optimization techniques and applications},
journal={Industrial Management and Data Systems},
year={2019},
volume={120},
number={1},
pages={128-163},
doi={10.1108/IMDS-06-2019-0351},
note={cited By 1},
url={https://www.scopus.com/inward/record.uri?eid=2-s2.0-85077615166&doi=10.1108%2fIMDS-06-2019-0351&partnerID=40&md5=c64130e65da2fb69de0ed50185e7799d},
document_type={Article},
source={Scopus},
}

@ARTICLE{Wilson2019495,
author={Wilson, R.D. and Bettis-Outland, H.},
title={Can artificial neural network models be used to improve the analysis of B2B marketing research data?},
journal={Journal of Business and Industrial Marketing},
year={2019},
volume={35},
number={3},
pages={495-507},
doi={10.1108/JBIM-01-2019-0060},
note={cited By 0},
url={https://www.scopus.com/inward/record.uri?eid=2-s2.0-85074881699&doi=10.1108%2fJBIM-01-2019-0060&partnerID=40&md5=dc0e68c0cd0aa22bc48f196df309a6c8},
document_type={Article},
source={Scopus},
}

@ARTICLE{Guajardo20192808,
author={Guajardo, J.A.},
title={How Do Usage and Payment Behavior Interact in Rent-to-Own Business Models? Evidence from Developing Economies},
journal={Production and Operations Management},
year={2019},
volume={28},
number={11},
pages={2808-2822},
doi={10.1111/poms.13067},
note={cited By 1},
url={https://www.scopus.com/inward/record.uri?eid=2-s2.0-85070703924&doi=10.1111%2fpoms.13067&partnerID=40&md5=1af2fa95c03d1f41a6ba8e1f9da273e0},
document_type={Article},
source={Scopus},
}

@ARTICLE{Han2019,
author={Han, J.-W. and Li, Q.-X. and Wu, H.-R. and Zhu, H.-J. and Song, Y.-L.},
title={Prediction of cooling efficiency of forced-air precooling systems based on optimized differential evolution and improved BP neural network},
journal={Applied Soft Computing Journal},
year={2019},
volume={84},
doi={10.1016/j.asoc.2019.105733},
art_number={105733},
note={cited By 2},
url={https://www.scopus.com/inward/record.uri?eid=2-s2.0-85071073925&doi=10.1016%2fj.asoc.2019.105733&partnerID=40&md5=548b459d71047e587e158fc49870aa6f},
document_type={Article},
source={Scopus},
}

@INPROCEEDINGS{Rivera-Castro2019326,
author={Rivera-Castro, R. and Pletnev, A. and Pilyugina, P. and Diaz, G. and Nazarov, I. and Zhu, W. and Burnaev, E.},
title={Topology-based clusterwise regression for user segmentation and demand forecasting},
journal={Proceedings - 2019 IEEE International Conference on Data Science and Advanced Analytics, DSAA 2019},
year={2019},
pages={326-336},
doi={10.1109/DSAA.2019.00048},
art_number={8964133},
note={cited By 0},
url={https://www.scopus.com/inward/record.uri?eid=2-s2.0-85079290419&doi=10.1109%2fDSAA.2019.00048&partnerID=40&md5=a529dcdab6f0b94888857038d10b28c7},
document_type={Conference Paper},
source={Scopus},
}

@ARTICLE{Vijaya201910757,
author={Vijaya, J. and Sivasankar, E.},
title={An efficient system for customer churn prediction through particle swarm optimization based feature selection model with simulated annealing},
journal={Cluster Computing},
year={2019},
volume={22},
pages={10757-10768},
doi={10.1007/s10586-017-1172-1},
note={cited By 3},
url={https://www.scopus.com/inward/record.uri?eid=2-s2.0-85029590990&doi=10.1007%2fs10586-017-1172-1&partnerID=40&md5=0cdf0762dcb8609b08e03c5d87ee9553},
document_type={Article},
source={Scopus},
}

@INPROCEEDINGS{Guitart2019,
author={Guitart, A. and Tan, S.H. and Río, A.F.D. and Chen, P.P. and Periáñez, A.},
title={From non-paying to premium: Predicting user conversion in video games with ensemble learning},
journal={ACM International Conference Proceeding Series},
year={2019},
doi={10.1145/3337722.3341855},
art_number={97},
note={cited By 0},
url={https://www.scopus.com/inward/record.uri?eid=2-s2.0-85072842573&doi=10.1145%2f3337722.3341855&partnerID=40&md5=7ab6bb4ac1dd678e75391ee273cda1ef},
document_type={Conference Paper},
source={Scopus},
}

@ARTICLE{Yu2019701,
author={Yu, H. and Sun, D. and Xi, X. and Yang, X. and Zheng, S. and Wang, Q.},
title={Fuzzy One-Class Extreme Auto-encoder},
journal={Neural Processing Letters},
year={2019},
volume={50},
number={1},
pages={701-727},
doi={10.1007/s11063-018-9952-z},
note={cited By 1},
url={https://www.scopus.com/inward/record.uri?eid=2-s2.0-85055966708&doi=10.1007%2fs11063-018-9952-z&partnerID=40&md5=7b024003c6e79fb29a4fd4b500402e57},
document_type={Article},
source={Scopus},
}

@ARTICLE{López-Díaz2019453,
author={López-Díaz, M.C. and López-Díaz, M. and Martínez-Fernández, S.},
title={A criterion for the comparison of binary classifiers based on a stochastic dominance with an application to the sale of home insurances},
journal={Scandinavian Actuarial Journal},
year={2019},
volume={2019},
number={6},
pages={453-477},
doi={10.1080/03461238.2019.1574237},
note={cited By 0},
url={https://www.scopus.com/inward/record.uri?eid=2-s2.0-85068373351&doi=10.1080%2f03461238.2019.1574237&partnerID=40&md5=e50ec70834f1503ab1bdd9808e968fd5},
document_type={Article},
source={Scopus},
}

@INPROCEEDINGS{Ullah2019,
author={Ullah, I. and Hussain, H. and Ali, I. and Liaquat, A.},
title={Churn Prediction in Banking System using K-Means, LOF, and CBLOF},
journal={1st International Conference on Electrical, Communication and Computer Engineering, ICECCE 2019},
year={2019},
doi={10.1109/ICECCE47252.2019.8940667},
art_number={8940667},
note={cited By 0},
url={https://www.scopus.com/inward/record.uri?eid=2-s2.0-85078575636&doi=10.1109%2fICECCE47252.2019.8940667&partnerID=40&md5=d05c38951e2c57adfa526f4dce00538c},
document_type={Conference Paper},
source={Scopus},
}

@INPROCEEDINGS{Thuseethan2019,
author={Thuseethan, S. and Rajasegarar, S. and Yearwood, J.},
title={Emotion Intensity Estimation from Video Frames using Deep Hybrid Convolutional Neural Networks},
journal={Proceedings of the International Joint Conference on Neural Networks},
year={2019},
volume={2019-July},
doi={10.1109/IJCNN.2019.8852365},
art_number={8852365},
note={cited By 1},
url={https://www.scopus.com/inward/record.uri?eid=2-s2.0-85073194897&doi=10.1109%2fIJCNN.2019.8852365&partnerID=40&md5=3918177413a5683c12e26df3aac75d09},
document_type={Conference Paper},
source={Scopus},
}

@ARTICLE{Aaldering2019301,
author={Aaldering, L.J. and Leker, J. and Song, C.H.},
title={Analysis of technological knowledge stock and prediction of its future development potential: The case of lithium-ion batteries},
journal={Journal of Cleaner Production},
year={2019},
volume={223},
pages={301-311},
doi={10.1016/j.jclepro.2019.03.174},
note={cited By 4},
url={https://www.scopus.com/inward/record.uri?eid=2-s2.0-85063257054&doi=10.1016%2fj.jclepro.2019.03.174&partnerID=40&md5=f7ab6f788078d0cc64dcbe8cabf7a394},
document_type={Article},
source={Scopus},
}

@ARTICLE{Batistič2019229,
author={Batistič, S. and van der Laken, P.},
title={History, Evolution and Future of Big Data and Analytics: A Bibliometric Analysis of Its Relationship to Performance in Organizations},
journal={British Journal of Management},
year={2019},
volume={30},
number={2},
pages={229-251},
doi={10.1111/1467-8551.12340},
note={cited By 12},
url={https://www.scopus.com/inward/record.uri?eid=2-s2.0-85065444982&doi=10.1111%2f1467-8551.12340&partnerID=40&md5=03b98ce68706bff69349f9f20450870f},
document_type={Article},
source={Scopus},
}

@ARTICLE{Wang2019,
author={Wang, C. and Han, D. and Fan, W. and Liu, Q.},
title={Customer Churn Prediction with Feature Embedded Convolutional Neural Network: An Empirical Study in the Internet Funds Industry},
journal={International Journal of Computational Intelligence and Applications},
year={2019},
volume={18},
number={1},
doi={10.1142/S1469026819500032},
art_number={1950003},
note={cited By 1},
url={https://www.scopus.com/inward/record.uri?eid=2-s2.0-85062899516&doi=10.1142%2fS1469026819500032&partnerID=40&md5=7d2c43300948284dba48078f186fa1ac},
document_type={Article},
source={Scopus},
}

@INPROCEEDINGS{Rahman2019262,
author={Rahman, M.A. and Kumar Dey, E.},
title={Aspect extraction from bangla reviews using convolutional neural network},
journal={2018 Joint 7th International Conference on Informatics, Electronics and Vision and 2nd International Conference on Imaging, Vision and Pattern Recognition, ICIEV-IVPR 2018},
year={2019},
pages={262-267},
doi={10.1109/ICIEV.2018.8641050},
art_number={8641050},
note={cited By 2},
url={https://www.scopus.com/inward/record.uri?eid=2-s2.0-85063238722&doi=10.1109%2fICIEV.2018.8641050&partnerID=40&md5=17d35d4ed90b9927805ce400e40adb11},
document_type={Conference Paper},
source={Scopus},
}

@INPROCEEDINGS{Chen20192134,
author={Chen, P.P. and Guitart, A. and Del Río, A.F. and Periáñez, A.},
title={Customer Lifetime Value in Video Games Using Deep Learning and Parametric Models},
journal={Proceedings - 2018 IEEE International Conference on Big Data, Big Data 2018},
year={2019},
pages={2134-2140},
doi={10.1109/BigData.2018.8622151},
art_number={8622151},
note={cited By 6},
url={https://www.scopus.com/inward/record.uri?eid=2-s2.0-85062630857&doi=10.1109%2fBigData.2018.8622151&partnerID=40&md5=2c41f56faedecafe34d70abd992c9d99},
document_type={Conference Paper},
source={Scopus},
}

@INPROCEEDINGS{Di2019681,
author={Di, Z. and Yao, S. and Kang, Q. and Zhou, M.},
title={An Adaptive Pre-clustering Support Vector Machine for Binary Imbalanced Classification},
journal={Proceedings - 2018 IEEE International Conference on Systems, Man, and Cybernetics, SMC 2018},
year={2019},
pages={681-686},
doi={10.1109/SMC.2018.00124},
art_number={8616120},
note={cited By 1},
url={https://www.scopus.com/inward/record.uri?eid=2-s2.0-85062206106&doi=10.1109%2fSMC.2018.00124&partnerID=40&md5=a0f880590ce78b6ceb01da9d986d5a60},
document_type={Conference Paper},
source={Scopus},
}

@ARTICLE{IsabellaAmali2019170,
author={Isabella Amali, A. and Arunkumar, R. and Mohan, S.},
title={Comparing and evaluating machine learning algorithms for predicting customer churn in telecommunication industry},
journal={Journal of Advanced Research in Dynamical and Control Systems},
year={2019},
volume={11},
number={6 Special Issue},
pages={170-178},
note={cited By 0},
url={https://www.scopus.com/inward/record.uri?eid=2-s2.0-85069461015&partnerID=40&md5=34c642dfee9a1664de92a742d5666d43},
document_type={Article},
source={Scopus},
}

@ARTICLE{Deng201993,
author={Deng, W. and Deng, L. and Liu, J. and Qi, J.},
title={Sampling method based on improved C4.5 decision tree and its application in prediction of telecom customer churn},
journal={International Journal of Information Technology and Management},
year={2019},
volume={18},
number={1},
pages={93-109},
doi={10.1504/IJITM.2019.097887},
note={cited By 0},
url={https://www.scopus.com/inward/record.uri?eid=2-s2.0-85062196011&doi=10.1504%2fIJITM.2019.097887&partnerID=40&md5=eaa8b630c9bdcd59fba9ec3fc1e0e0b5},
document_type={Article},
source={Scopus},
}

@ARTICLE{Li20192575,
author={Li, Y. and Wei, J. and Kang, K. and Wu, Z.},
title={An efficient noise-filtered ensemble model for customer churn analysis in aviation industry},
journal={Journal of Intelligent and Fuzzy Systems},
year={2019},
volume={37},
number={2},
pages={2575-2585},
doi={10.3233/JIFS-182807},
note={cited By 0},
url={https://www.scopus.com/inward/record.uri?eid=2-s2.0-85072214139&doi=10.3233%2fJIFS-182807&partnerID=40&md5=1410f8cd9e0668e748070ccaf828db74},
document_type={Article},
source={Scopus},
}

@ARTICLE{Saklani2019252,
author={Saklani, S. and Neware, S.},
title={An experimental analysis of churn prediction techniques on real time datasets},
journal={International Journal of Innovative Technology and Exploring Engineering},
year={2019},
volume={8},
number={8 Special Issue 3},
pages={252-257},
note={cited By 0},
url={https://www.scopus.com/inward/record.uri?eid=2-s2.0-85070702397&partnerID=40&md5=dfce8231a806e8f9404f8712a1a85b6c},
document_type={Article},
source={Scopus},
}

@INPROCEEDINGS{Qian2019421,
author={Qian, Y. and Tong, Q. and Wang, B.},
title={Multi-Class Learning from Label Proportions for Bank Customer Classification},
journal={Procedia Computer Science},
year={2019},
volume={162},
pages={421-428},
doi={10.1016/j.procs.2019.12.006},
note={cited By 0},
url={https://www.scopus.com/inward/record.uri?eid=2-s2.0-85081051572&doi=10.1016%2fj.procs.2019.12.006&partnerID=40&md5=b44c6842d94f4c3614c5d3a1321a460d},
document_type={Conference Paper},
source={Scopus},
}

@INPROCEEDINGS{Shintre201972,
author={Shintre, S. and Roundy, K.A. and Dhaliwal, J.},
title={Making Machine Learning Forget},
journal={Lecture Notes in Computer Science (including subseries Lecture Notes in Artificial Intelligence and Lecture Notes in Bioinformatics)},
year={2019},
volume={11498 LNCS},
pages={72-83},
doi={10.1007/978-3-030-21752-5_6},
note={cited By 0},
url={https://www.scopus.com/inward/record.uri?eid=2-s2.0-85067811385&doi=10.1007%2f978-3-030-21752-5_6&partnerID=40&md5=c13eea269ae35d85f3e45ebee0b8c658},
document_type={Conference Paper},
source={Scopus},
}

@ARTICLE{Tang201929193,
author={Tang, W. and Ding, Z. and Zhou, M.},
title={A Spammer Identification Method for Class Imbalanced Weibo Datasets},
journal={IEEE Access},
year={2019},
volume={7},
pages={29193-29201},
doi={10.1109/ACCESS.2019.2901756},
art_number={8662765},
note={cited By 8},
url={https://www.scopus.com/inward/record.uri?eid=2-s2.0-85064705420&doi=10.1109%2fACCESS.2019.2901756&partnerID=40&md5=e569aab48775c8a962631526d169f656},
document_type={Article},
source={Scopus},
}

@INPROCEEDINGS{Kohjima2019605,
author={Kohjima, M. and Matsubayashi, T. and Toda, H.},
title={Variational bayes for mixture models with censored data},
journal={Lecture Notes in Computer Science (including subseries Lecture Notes in Artificial Intelligence and Lecture Notes in Bioinformatics)},
year={2019},
volume={11052 LNAI},
pages={605-620},
doi={10.1007/978-3-030-10928-8_36},
note={cited By 1},
url={https://www.scopus.com/inward/record.uri?eid=2-s2.0-85061155821&doi=10.1007%2f978-3-030-10928-8_36&partnerID=40&md5=c8234c73325433a2d2b68377f1f9e561},
document_type={Conference Paper},
source={Scopus},
}

@ARTICLE{Mutlu20192344,
author={Mutlu, A. and Göz, F. and Akbulut, O.},
title={LFit: An unsupervised discretization method based on the Ramer–Douglas–Peucker algorithm},
journal={Turkish Journal of Electrical Engineering and Computer Sciences},
year={2019},
volume={27},
number={3},
pages={2344-2360},
doi={10.3906/elk-1806-192},
note={cited By 0},
url={https://www.scopus.com/inward/record.uri?eid=2-s2.0-85065850322&doi=10.3906%2felk-1806-192&partnerID=40&md5=0a227a8aabcd3079f4d74b05a47ed93e},
document_type={Article},
source={Scopus},
}

@ARTICLE{Lai201958,
author={Lai, C.S. and Tao, Y. and Xu, F. and Ng, W.W.Y. and Jia, Y. and Yuan, H. and Huang, C. and Lai, L.L. and Xu, Z. and Locatelli, G.},
title={A robust correlation analysis framework for imbalanced and dichotomous data with uncertainty},
journal={Information Sciences},
year={2019},
volume={470},
pages={58-77},
doi={10.1016/j.ins.2018.08.017},
note={cited By 14},
url={https://www.scopus.com/inward/record.uri?eid=2-s2.0-85052523409&doi=10.1016%2fj.ins.2018.08.017&partnerID=40&md5=9a31d1b09c90d1c93af0e48de0cbb2d6},
document_type={Article},
source={Scopus},
}

@ARTICLE{Vinayakumar201941525,
author={Vinayakumar, R. and Alazab, M. and Soman, K.P. and Poornachandran, P. and Al-Nemrat, A. and Venkatraman, S.},
title={Deep Learning Approach for Intelligent Intrusion Detection System},
journal={IEEE Access},
year={2019},
volume={7},
pages={41525-41550},
doi={10.1109/ACCESS.2019.2895334},
art_number={6287639},
note={cited By 71},
url={https://www.scopus.com/inward/record.uri?eid=2-s2.0-85064860273&doi=10.1109%2fACCESS.2019.2895334&partnerID=40&md5=d193bb54adc9c9e42bce838e977cd7bb},
document_type={Article},
source={Scopus},
}

@ARTICLE{Sohrabi2019,
author={Sohrabi, M.K. and Hemmatian, F.},
title={An efficient preprocessing method for supervised sentiment analysis by converting sentences to numerical vectors: a twitter case study},
journal={Multimedia Tools and Applications},
year={2019},
doi={10.1007/s11042-019-7586-4},
note={cited By 4},
url={https://www.scopus.com/inward/record.uri?eid=2-s2.0-85065711569&doi=10.1007%2fs11042-019-7586-4&partnerID=40&md5=a330f54df9bf34d7683deb1e8f04e40c},
document_type={Article},
source={Scopus},
}

@ARTICLE{Yang2019106784,
author={Yang, Y. and Zeng, Q. and Yin, G. and Wan, L.},
title={Vibration Test of Single Coal Gangue Particle Directly Impacting the Metal Plate and the Study of Coal Gangue Recognition Based on Vibration Signal and Stacking Integration},
journal={IEEE Access},
year={2019},
volume={7},
pages={106784-106805},
doi={10.1109/ACCESS.2019.2932118},
art_number={8782521},
note={cited By 4},
url={https://www.scopus.com/inward/record.uri?eid=2-s2.0-85071101361&doi=10.1109%2fACCESS.2019.2932118&partnerID=40&md5=077d2108c61efdf6d8267a0d19f0a2d1},
document_type={Article},
source={Scopus},
}

@ARTICLE{Kaya2018,
author={Kaya, E. and Dong, X. and Suhara, Y. and Balcisoy, S. and Bozkaya, B. and Pentland, A.S.},
title={Behavioral attributes and financial churn prediction},
journal={EPJ Data Science},
year={2018},
volume={7},
number={1},
doi={10.1140/epjds/s13688-018-0165-5},
art_number={41},
note={cited By 6},
url={https://www.scopus.com/inward/record.uri?eid=2-s2.0-85055138402&doi=10.1140%2fepjds%2fs13688-018-0165-5&partnerID=40&md5=5fdc67ed13172cebe8bbb22b069f6b18},
document_type={Article},
source={Scopus},
}

@ARTICLE{Karumur20181241,
author={Karumur, R.P. and Nguyen, T.T. and Konstan, J.A.},
title={Personality, User Preferences and Behavior in Recommender systems},
journal={Information Systems Frontiers},
year={2018},
volume={20},
number={6},
pages={1241-1265},
doi={10.1007/s10796-017-9800-0},
note={cited By 10},
url={https://www.scopus.com/inward/record.uri?eid=2-s2.0-85029408718&doi=10.1007%2fs10796-017-9800-0&partnerID=40&md5=7409bbb95a75c87c94c09fbfb18c51b2},
document_type={Article},
source={Scopus},
}

@INPROCEEDINGS{Agrawal2018,
author={Agrawal, S. and Das, A. and Gaikwad, A. and Dhage, S.},
title={Customer Churn Prediction Modelling Based on Behavioural Patterns Analysis using Deep Learning},
journal={2018 International Conference on Smart Computing and Electronic Enterprise, ICSCEE 2018},
year={2018},
doi={10.1109/ICSCEE.2018.8538420},
art_number={8538420},
note={cited By 1},
url={https://www.scopus.com/inward/record.uri?eid=2-s2.0-85059389737&doi=10.1109%2fICSCEE.2018.8538420&partnerID=40&md5=90aec8b79d16cc2cc787ce2696dcd873},
document_type={Conference Paper},
source={Scopus},
}

@INPROCEEDINGS{Kuznietsova2018,
author={Kuznietsova, N. and Bidyuk, P.},
title={Forecasting of financial risk users' outflow},
journal={2018 IEEE 1st International Conference on System Analysis and Intelligent Computing, SAIC 2018 - Proceedings},
year={2018},
doi={10.1109/SAIC.2018.8516782},
art_number={8516782},
note={cited By 1},
url={https://www.scopus.com/inward/record.uri?eid=2-s2.0-85057432851&doi=10.1109%2fSAIC.2018.8516782&partnerID=40&md5=bed07027437ddcb90b07ca8dbc5126d2},
document_type={Conference Paper},
source={Scopus},
}

@ARTICLE{Li201899,
author={Li, Z. and Zhu, Y. and Zhen, T. and Zhu, C.},
title={Research on grain storage temperature prediction model based on time series method},
journal={IPPTA: Quarterly Journal of Indian Pulp and Paper Technical Association},
year={2018},
volume={30},
number={4},
pages={99-100},
note={cited By 0},
url={https://www.scopus.com/inward/record.uri?eid=2-s2.0-85057346284&partnerID=40&md5=3f41fc13861dcf30fd51f6874627f49a},
document_type={Article},
source={Scopus},
}

@ARTICLE{Duan20183151,
author={Duan, X. and Wang, Y. and Pedrycz, W. and Liu, X. and Wang, C. and Li, Z.},
title={AFSNN: A Classification Algorithm Using Axiomatic Fuzzy Sets and Neural Networks},
journal={IEEE Transactions on Fuzzy Systems},
year={2018},
volume={26},
number={5},
pages={3151-3163},
doi={10.1109/TFUZZ.2017.2788875},
art_number={8244313},
note={cited By 7},
url={https://www.scopus.com/inward/record.uri?eid=2-s2.0-85040088696&doi=10.1109%2fTFUZZ.2017.2788875&partnerID=40&md5=c427637f68ced4d8059e7e41f03f0b9f},
document_type={Article},
source={Scopus},
}

@ARTICLE{Kappe2018415,
author={Kappe, E. and Stadler Blank, A. and DeSarbo, W.S.},
title={A random coefficients mixture hidden Markov model for marketing research},
journal={International Journal of Research in Marketing},
year={2018},
volume={35},
number={3},
pages={415-431},
doi={10.1016/j.ijresmar.2018.07.002},
note={cited By 1},
url={https://www.scopus.com/inward/record.uri?eid=2-s2.0-85053376044&doi=10.1016%2fj.ijresmar.2018.07.002&partnerID=40&md5=9628ae00cf74b1a26399689e27e53e1d},
document_type={Article},
source={Scopus},
}

@ARTICLE{Lismont201822,
author={Lismont, J. and Ram, S. and Vanthienen, J. and Lemahieu, W. and Baesens, B.},
title={Predicting interpurchase time in a retail environment using customer-product networks: An empirical study and evaluation},
journal={Expert Systems with Applications},
year={2018},
volume={104},
pages={22-32},
doi={10.1016/j.eswa.2018.03.016},
note={cited By 4},
url={https://www.scopus.com/inward/record.uri?eid=2-s2.0-85044140749&doi=10.1016%2fj.eswa.2018.03.016&partnerID=40&md5=487356d54a9c546bceb6538cf3a26790},
document_type={Article},
source={Scopus},
}

@ARTICLE{Rachid20182367,
author={Rachid, A.D. and Abdellah, A. and Belaid, B. and Rachid, L.},
title={Clustering prediction techniques in defining and predicting customers defection: The case of e-commerce context},
journal={International Journal of Electrical and Computer Engineering},
year={2018},
volume={8},
number={4},
pages={2367-2383},
doi={10.11591/ijece.v8i4.pp2367-2383},
note={cited By 3},
url={https://www.scopus.com/inward/record.uri?eid=2-s2.0-85049575364&doi=10.11591%2fijece.v8i4.pp2367-2383&partnerID=40&md5=fbc5a997b985e4dd5a84bc90fe9d2e1d},
document_type={Article},
source={Scopus},
}

@ARTICLE{Srinivasan2018443,
author={Srinivasan, S. and Kamalakannan, T.},
title={Multi Criteria Decision Making in Financial Risk Management with a Multi-objective Genetic Algorithm},
journal={Computational Economics},
year={2018},
volume={52},
number={2},
pages={443-457},
doi={10.1007/s10614-017-9683-7},
note={cited By 5},
url={https://www.scopus.com/inward/record.uri?eid=2-s2.0-85018440020&doi=10.1007%2fs10614-017-9683-7&partnerID=40&md5=68dab08ccebe53d3642f9ef3f94cd99b},
document_type={Article},
source={Scopus},
}

@ARTICLE{Li20182355,
author={Li, M. and Dai, Q.},
title={A novel knowledge-leverage-based transfer learning algorithm},
journal={Applied Intelligence},
year={2018},
volume={48},
number={8},
pages={2355-2372},
doi={10.1007/s10489-017-1084-z},
note={cited By 5},
url={https://www.scopus.com/inward/record.uri?eid=2-s2.0-85033491522&doi=10.1007%2fs10489-017-1084-z&partnerID=40&md5=60aae723b2bbf56b873cdfec23fe0a01},
document_type={Article},
source={Scopus},
}

@INPROCEEDINGS{Yuan20181352,
author={Yuan, C. and Xu, S.},
title={Multiple feature inputs support vector regression},
journal={Proceedings of the 30th Chinese Control and Decision Conference, CCDC 2018},
year={2018},
pages={1352-1357},
doi={10.1109/CCDC.2018.8407338},
note={cited By 0},
url={https://www.scopus.com/inward/record.uri?eid=2-s2.0-85050852907&doi=10.1109%2fCCDC.2018.8407338&partnerID=40&md5=b633fcab9003d45f27257847bc2848af},
document_type={Conference Paper},
source={Scopus},
}

@INPROCEEDINGS{Naik2018232,
author={Naik, M.V. and Reddy, S.S.},
title={An innovative optimized model to anticipate clients about immigration in telecom industry},
journal={Proceedings of the 2017 3rd International Conference on Applied and Theoretical Computing and Communication Technology, iCATccT 2017},
year={2018},
pages={232-236},
doi={10.1109/ICATCCT.2017.8389139},
note={cited By 1},
url={https://www.scopus.com/inward/record.uri?eid=2-s2.0-85050161544&doi=10.1109%2fICATCCT.2017.8389139&partnerID=40&md5=6851e032e27298d32baf72899a94ffa2},
document_type={Conference Paper},
source={Scopus},
}

@ARTICLE{Mitrović20181141,
author={Mitrović, S. and Baesens, B. and Lemahieu, W. and De Weerdt, J.},
title={On the operational efficiency of different feature types for telco Churn prediction},
journal={European Journal of Operational Research},
year={2018},
volume={267},
number={3},
pages={1141-1155},
doi={10.1016/j.ejor.2017.12.015},
note={cited By 5},
url={https://www.scopus.com/inward/record.uri?eid=2-s2.0-85039062252&doi=10.1016%2fj.ejor.2017.12.015&partnerID=40&md5=21ce3a9103267dd526edd95089aa8a69},
document_type={Article},
source={Scopus},
}

@ARTICLE{Obajemu20181565,
author={Obajemu, O. and Mahfouf, M. and Catto, J.W.F.},
title={A New Fuzzy Modeling Framework for Integrated Risk Prognosis and Therapy of Bladder Cancer Patients},
journal={IEEE Transactions on Fuzzy Systems},
year={2018},
volume={26},
number={3},
pages={1565-1577},
doi={10.1109/TFUZZ.2017.2735939},
note={cited By 8},
url={https://www.scopus.com/inward/record.uri?eid=2-s2.0-85029159545&doi=10.1109%2fTFUZZ.2017.2735939&partnerID=40&md5=ae57dbc2319245584e5e49865856d598},
document_type={Article},
source={Scopus},
}

@ARTICLE{Özmen20181027,
author={Özmen, M. and Karakaya, G. and Köksalan, M.},
title={Interactive evolutionary approaches to multiobjective feature selection},
journal={International Transactions in Operational Research},
year={2018},
volume={25},
number={3},
pages={1027-1052},
doi={10.1111/itor.12428},
note={cited By 3},
url={https://www.scopus.com/inward/record.uri?eid=2-s2.0-85020406479&doi=10.1111%2fitor.12428&partnerID=40&md5=883ff41a2d4f9040bd674f6407661678},
document_type={Article},
source={Scopus},
}

@ARTICLE{Chiang2018177,
author={Chiang, L.-L.L. and Yang, C.-S.},
title={Does country-of-origin brand personality generate retail customer lifetime value? A Big Data analytics approach},
journal={Technological Forecasting and Social Change},
year={2018},
volume={130},
pages={177-187},
doi={10.1016/j.techfore.2017.06.034},
note={cited By 7},
url={https://www.scopus.com/inward/record.uri?eid=2-s2.0-85026468186&doi=10.1016%2fj.techfore.2017.06.034&partnerID=40&md5=892d181e5bf5e65d91b3c13298317294},
document_type={Article},
source={Scopus},
}

@ARTICLE{Kitchens2018540,
author={Kitchens, B. and Dobolyi, D. and Li, J. and Abbasi, A.},
title={Advanced Customer Analytics: Strategic Value Through Integration of Relationship-Oriented Big Data},
journal={Journal of Management Information Systems},
year={2018},
volume={35},
number={2},
pages={540-574},
doi={10.1080/07421222.2018.1451957},
note={cited By 19},
url={https://www.scopus.com/inward/record.uri?eid=2-s2.0-85047254729&doi=10.1080%2f07421222.2018.1451957&partnerID=40&md5=153e6cfaf5ece007a16e737b5f669192},
document_type={Article},
source={Scopus},
}

@ARTICLE{Ye2018565,
author={Ye, R. and Dai, Q.},
title={A Novel Greedy Randomized Dynamic Ensemble Selection Algorithm},
journal={Neural Processing Letters},
year={2018},
volume={47},
number={2},
pages={565-599},
doi={10.1007/s11063-017-9670-y},
note={cited By 4},
url={https://www.scopus.com/inward/record.uri?eid=2-s2.0-85023183275&doi=10.1007%2fs11063-017-9670-y&partnerID=40&md5=725676285de28b181659a075470488b3},
document_type={Article},
source={Scopus},
}

@ARTICLE{Óskarsdóttir201853,
author={Óskarsdóttir, M. and Baesens, B. and Vanthienen, J.},
title={Profit-Based Model Selection for Customer Retention Using Individual Customer Lifetime Values},
journal={Big Data},
year={2018},
volume={6},
number={1},
pages={53-65},
doi={10.1089/big.2018.0015},
note={cited By 3},
url={https://www.scopus.com/inward/record.uri?eid=2-s2.0-85044353343&doi=10.1089%2fbig.2018.0015&partnerID=40&md5=75d70d9c94b9b3df8eedaa65f37594d4},
document_type={Article},
source={Scopus},
}

@ARTICLE{Ascarza201880,
author={Ascarza, E.},
title={Retention futility: Targeting high-risk customers might be ineffective},
journal={Journal of Marketing Research},
year={2018},
volume={55},
number={1},
pages={80-98},
doi={10.1509/jmr.16.0163},
note={cited By 26},
url={https://www.scopus.com/inward/record.uri?eid=2-s2.0-85044060586&doi=10.1509%2fjmr.16.0163&partnerID=40&md5=756ba9955654c455fa1adf97c38aa27c},
document_type={Article},
source={Scopus},
}

@ARTICLE{Garrido2018154,
author={Garrido, F. and Verbeke, W. and Bravo, C.},
title={A Robust profit measure for binary classification model evaluation},
journal={Expert Systems with Applications},
year={2018},
volume={92},
pages={154-160},
doi={10.1016/j.eswa.2017.09.045},
note={cited By 5},
url={https://www.scopus.com/inward/record.uri?eid=2-s2.0-85029799011&doi=10.1016%2fj.eswa.2017.09.045&partnerID=40&md5=3d4e4c9978a66b23dc792966006d43e2},
document_type={Article},
source={Scopus},
}

@INPROCEEDINGS{Drachen2018,
author={Drachen, A. and Pastor, M. and Liu, A. and Fontaine, D.J. and Chang, Y. and Runge, J. and Sifa, R. and Klabjan, D.},
title={To be or not to be... social: Incorporating simple social features in mobile game customer lifetime value predictions},
journal={ACM International Conference Proceeding Series},
year={2018},
doi={10.1145/3167918.3167925},
art_number={3167925},
note={cited By 3},
url={https://www.scopus.com/inward/record.uri?eid=2-s2.0-85044777901&doi=10.1145%2f3167918.3167925&partnerID=40&md5=b39fb6067074ae3268d53bbb0f757973},
document_type={Conference Paper},
source={Scopus},
}

@ARTICLE{Ding2018136,
author={Ding, W. and Lin, C.-T. and Chen, S. and Zhang, X. and Hu, B.},
title={Multiagent-consensus-MapReduce-based attribute reduction using co-evolutionary quantum PSO for big data applications},
journal={Neurocomputing},
year={2018},
volume={272},
pages={136-153},
doi={10.1016/j.neucom.2017.06.059},
note={cited By 22},
url={https://www.scopus.com/inward/record.uri?eid=2-s2.0-85023638265&doi=10.1016%2fj.neucom.2017.06.059&partnerID=40&md5=e8978ef7b64c6205fefad605ae289171},
document_type={Article},
source={Scopus},
}

@ARTICLE{Zhu201849,
author={Zhu, B. and Baesens, B. and Backiel, A. and Vanden Broucke, S.K.L.M.},
title={Benchmarking sampling techniques for imbalance learning in churn prediction},
journal={Journal of the Operational Research Society},
year={2018},
volume={69},
number={1},
pages={49-65},
doi={10.1057/s41274-016-0176-1},
note={cited By 10},
url={https://www.scopus.com/inward/record.uri?eid=2-s2.0-85014521443&doi=10.1057%2fs41274-016-0176-1&partnerID=40&md5=5ddbf41b96d3783cb2669e046a627506},
document_type={Article},
source={Scopus},
}

@ARTICLE{Chattopadhyay201873,
author={Chattopadhyay, M. and Garg, A.K. and Mitra, S.K.},
title={Herding by Foreign Institutional Investors: An Evidential Exploration for Persistence and Predictability},
journal={Journal of Behavioral Finance},
year={2018},
volume={19},
number={1},
pages={73-88},
doi={10.1080/15427560.2017.1373282},
note={cited By 1},
url={https://www.scopus.com/inward/record.uri?eid=2-s2.0-85031496085&doi=10.1080%2f15427560.2017.1373282&partnerID=40&md5=a86bc324c8acf739561f88736c09b78f},
document_type={Article},
source={Scopus},
}

@INPROCEEDINGS{Mohanty201851,
author={Mohanty, R. and Naga Ratna Sree, C.},
title={Churn and non-churn of customers in banking sector using extreme learning machine},
journal={Advances in Intelligent Systems and Computing},
year={2018},
volume={712},
pages={51-58},
doi={10.1007/978-981-10-8228-3_6},
note={cited By 2},
url={https://www.scopus.com/inward/record.uri?eid=2-s2.0-85051136702&doi=10.1007%2f978-981-10-8228-3_6&partnerID=40&md5=2940e18a32f148fd0dadd7a8f6f4dedf},
document_type={Conference Paper},
source={Scopus},
}

@ARTICLE{Anuradha2018598,
author={Anuradha, T. and Lakshmi Surekha, T.},
title={Identifying attrition causing products using RFM analysis},
journal={Journal of Advanced Research in Dynamical and Control Systems},
year={2018},
volume={10},
number={7 Special Issue},
pages={598-604},
note={cited By 1},
url={https://www.scopus.com/inward/record.uri?eid=2-s2.0-85050012736&partnerID=40&md5=d6d054914d86d3923abc08b14c72d0c5},
document_type={Article},
source={Scopus},
}

@INPROCEEDINGS{Stormi2018,
author={Stormi, K. and Laine, T. and Elomaa, T.},
title={Feasibility of B2C customer relationship analytics in the B2B industrial context},
journal={26th European Conference on Information Systems: Beyond Digitization - Facets of Socio-Technical Change, ECIS 2018},
year={2018},
note={cited By 0},
url={https://www.scopus.com/inward/record.uri?eid=2-s2.0-85061329471&partnerID=40&md5=00b43ae229c70efd3a3c294c21f957d9},
document_type={Conference Paper},
source={Scopus},
}

@ARTICLE{Sun2018200,
author={Sun, G. and Ma, P. and Ren, J. and Zhang, A. and Jia, X.},
title={A stability constrained adaptive alpha for gravitational search algorithm},
journal={Knowledge-Based Systems},
year={2018},
volume={139},
pages={200-213},
doi={10.1016/j.knosys.2017.10.018},
note={cited By 43},
url={https://www.scopus.com/inward/record.uri?eid=2-s2.0-85032363496&doi=10.1016%2fj.knosys.2017.10.018&partnerID=40&md5=208fedaca1605d513b1d1ea1063eabef},
document_type={Article},
source={Scopus},
}

@ARTICLE{Bogaert2017274,
author={Bogaert, M. and Ballings, M. and Hosten, M. and Van Den Poel, D.},
title={Identifying soccer players on facebook through predictive analytics},
journal={Decision Analysis},
year={2017},
volume={14},
number={4},
pages={274-297},
doi={10.1287/deca.2017.0354},
note={cited By 4},
url={https://www.scopus.com/inward/record.uri?eid=2-s2.0-85039860015&doi=10.1287%2fdeca.2017.0354&partnerID=40&md5=5de884f6337c7a082d80cc20e3bfd383},
document_type={Article},
source={Scopus},
}

@ARTICLE{Liu2017,
author={Liu, J. and Liu, B. and Liu, Y. and Chen, H. and Feng, L. and Xiong, H. and Huang, Y.},
title={Personalized air travel prediction: A multi-factor perspective},
journal={ACM Transactions on Intelligent Systems and Technology},
year={2017},
volume={9},
number={3},
doi={10.1145/3078845},
art_number={30},
note={cited By 4},
url={https://www.scopus.com/inward/record.uri?eid=2-s2.0-85041447678&doi=10.1145%2f3078845&partnerID=40&md5=e38364ea7758cfab53734ee6fe59bcfe},
document_type={Article},
source={Scopus},
}

@ARTICLE{Goswami20174015,
author={Goswami, A. and Kumar, A.},
title={Challenges in the Analysis of Online Social Networks: A Data Collection Tool Perspective},
journal={Wireless Personal Communications},
year={2017},
volume={97},
number={3},
pages={4015-4061},
doi={10.1007/s11277-017-4712-3},
note={cited By 4},
url={https://www.scopus.com/inward/record.uri?eid=2-s2.0-85027709494&doi=10.1007%2fs11277-017-4712-3&partnerID=40&md5=baf8d823a8e3da5348e43062d241cc9e},
document_type={Article},
source={Scopus},
}

@ARTICLE{Dingli2017128,
author={Dingli, A. and Marmara, V. and Fournier, N.S.},
title={Comparison of deep learning algorithms to predict customer churn within a local retail industry},
journal={International Journal of Machine Learning and Computing},
year={2017},
volume={7},
number={5},
pages={128-132},
doi={10.18178/ijmlc.2017.7.5.634},
note={cited By 2},
url={https://www.scopus.com/inward/record.uri?eid=2-s2.0-85035056443&doi=10.18178%2fijmlc.2017.7.5.634&partnerID=40&md5=91894c2c5e3daa59e9d4131b58254a59},
document_type={Article},
source={Scopus},
}

@ARTICLE{Xiao2017236,
author={Xiao, J. and Cao, H. and Jiang, X. and Gu, X. and Xie, L.},
title={GMDH-based semi-supervised feature selection for customer classification},
journal={Knowledge-Based Systems},
year={2017},
volume={132},
pages={236-248},
doi={10.1016/j.knosys.2017.06.018},
note={cited By 19},
url={https://www.scopus.com/inward/record.uri?eid=2-s2.0-85021642407&doi=10.1016%2fj.knosys.2017.06.018&partnerID=40&md5=28636749f81d7cbcf2a14184270d4a29},
document_type={Article},
source={Scopus},
}

@INPROCEEDINGS{Wang20175680,
author={Wang, C. and Li, R. and Wang, P. and Chen, Z.},
title={Partition cost-sensitive CART based on customer value for Telecom customer churn prediction},
journal={Chinese Control Conference, CCC},
year={2017},
pages={5680-5684},
doi={10.23919/ChiCC.2017.8028259},
art_number={8028259},
note={cited By 9},
url={https://www.scopus.com/inward/record.uri?eid=2-s2.0-85032178783&doi=10.23919%2fChiCC.2017.8028259&partnerID=40&md5=ee1936ec51584d616ac8e1fbfe8e682a},
document_type={Conference Paper},
source={Scopus},
}

@ARTICLE{Barfar2017115,
author={Barfar, A. and Padmanabhan, B. and Hevner, A.},
title={Applying behavioral economics in predictive analytics for B2B churn: Findings from service quality data},
journal={Decision Support Systems},
year={2017},
volume={101},
pages={115-127},
doi={10.1016/j.dss.2017.06.006},
note={cited By 2},
url={https://www.scopus.com/inward/record.uri?eid=2-s2.0-85024367714&doi=10.1016%2fj.dss.2017.06.006&partnerID=40&md5=da30bec3a341ebf661c1cff8b0599303},
document_type={Article},
source={Scopus},
}

@ARTICLE{López-Díaz2017606,
author={López-Díaz, M.C. and López-Díaz, M. and Martínez-Fernández, S.},
title={A stochastic comparison of customer classifiers with an application to customer attrition in commercial banking},
journal={Scandinavian Actuarial Journal},
year={2017},
volume={2017},
number={7},
pages={606-627},
doi={10.1080/03461238.2016.1209549},
note={cited By 2},
url={https://www.scopus.com/inward/record.uri?eid=2-s2.0-84979527234&doi=10.1080%2f03461238.2016.1209549&partnerID=40&md5=a7bc54ca4429e46a88fe5624e4fc1357},
document_type={Article},
source={Scopus},
}

@ARTICLE{Wu20171620,
author={Wu, B. and Wilamowski, B.M.},
title={A fast density and grid based clustering method for data with arbitrary shapes and noise},
journal={IEEE Transactions on Industrial Informatics},
year={2017},
volume={13},
number={4},
pages={1620-1628},
doi={10.1109/TII.2016.2628747},
art_number={7744455},
note={cited By 29},
url={https://www.scopus.com/inward/record.uri?eid=2-s2.0-85029709772&doi=10.1109%2fTII.2016.2628747&partnerID=40&md5=28267eca97bf91546477e33a5cf998c5},
document_type={Article},
source={Scopus},
}

@INPROCEEDINGS{Mitrović201779,
author={Mitrović, S. and Singh, G. and Baesens, B. and Lemahieu, W. and De Weerdt, J.},
title={Scalable RFM-Enriched representation learning for churn prediction},
journal={Proceedings - 2017 International Conference on Data Science and Advanced Analytics, DSAA 2017},
year={2017},
volume={2018-January},
pages={79-88},
doi={10.1109/DSAA.2017.42},
note={cited By 2},
url={https://www.scopus.com/inward/record.uri?eid=2-s2.0-85046252223&doi=10.1109%2fDSAA.2017.42&partnerID=40&md5=e20ff441aed0a349de1d479fd525ca1f},
document_type={Conference Paper},
source={Scopus},
}

@INPROCEEDINGS{Semrl20171,
author={Semrl, J. and Matei, A.},
title={Churn prediction model for effective gym customer retention},
journal={Proceedings of 4th International Conference on Behavioral, Economic, and Socio-Cultural Computing, BESC 2017},
year={2017},
volume={2018-January},
pages={1-3},
doi={10.1109/BESC.2017.8256379},
note={cited By 2},
url={https://www.scopus.com/inward/record.uri?eid=2-s2.0-85050535606&doi=10.1109%2fBESC.2017.8256379&partnerID=40&md5=9b5baf9c873b4f9f48a735b0ddca99fd},
document_type={Conference Paper},
source={Scopus},
}

@ARTICLE{García2017719,
author={García, D.L. and Nebot, À. and Vellido, A.},
title={Intelligent data analysis approaches to churn as a business problem: a survey},
journal={Knowledge and Information Systems},
year={2017},
volume={51},
number={3},
pages={719-774},
doi={10.1007/s10115-016-0995-z},
note={cited By 14},
url={https://www.scopus.com/inward/record.uri?eid=2-s2.0-84988733124&doi=10.1007%2fs10115-016-0995-z&partnerID=40&md5=3a016d805600f0a99e7bbc1cb0d7039f},
document_type={Article},
source={Scopus},
}

@ARTICLE{Amin2017242,
author={Amin, A. and Anwar, S. and Adnan, A. and Nawaz, M. and Alawfi, K. and Hussain, A. and Huang, K.},
title={Customer churn prediction in the telecommunication sector using a rough set approach},
journal={Neurocomputing},
year={2017},
volume={237},
pages={242-254},
doi={10.1016/j.neucom.2016.12.009},
note={cited By 53},
url={https://www.scopus.com/inward/record.uri?eid=2-s2.0-85013466990&doi=10.1016%2fj.neucom.2016.12.009&partnerID=40&md5=3d0253ea63bf9e85b2ed53e3e28d4fa7},
document_type={Article},
source={Scopus},
}

@ARTICLE{Coussement201727,
author={Coussement, K. and Lessmann, S. and Verstraeten, G.},
title={A comparative analysis of data preparation algorithms for customer churn prediction: A case study in the telecommunication industry},
journal={Decision Support Systems},
year={2017},
volume={95},
pages={27-36},
doi={10.1016/j.dss.2016.11.007},
note={cited By 39},
url={https://www.scopus.com/inward/record.uri?eid=2-s2.0-85028254431&doi=10.1016%2fj.dss.2016.11.007&partnerID=40&md5=c8cc915bc9e03e087b55217f83087dab},
document_type={Article},
source={Scopus},
}

@ARTICLE{Khodabandehlou201765,
author={Khodabandehlou, S. and Zivari Rahman, M.},
title={Comparison of supervised machine learning techniques for customer churn prediction based on analysis of customer behavior},
journal={Journal of Systems and Information Technology},
year={2017},
volume={19},
number={1-2},
pages={65-93},
doi={10.1108/JSIT-10-2016-0061},
note={cited By 14},
url={https://www.scopus.com/inward/record.uri?eid=2-s2.0-85031815301&doi=10.1108%2fJSIT-10-2016-0061&partnerID=40&md5=be7e649d6706d8f8742a16999ac0e334},
document_type={Article},
source={Scopus},
}

@ARTICLE{Almohammadi201747,
author={Almohammadi, K. and Hagras, H. and Alghazzawi, D. and Aldabbagh, G.},
title={A survey of artificial intelligence techniques employed for adaptive educational systems within e-learning platforms},
journal={Journal of Artificial Intelligence and Soft Computing Research},
year={2017},
volume={7},
number={1},
pages={47-64},
doi={10.1515/jaiscr-2017-0004},
note={cited By 48},
url={https://www.scopus.com/inward/record.uri?eid=2-s2.0-85009820303&doi=10.1515%2fjaiscr-2017-0004&partnerID=40&md5=6ddbf7f702dee7198da042e4588195e4},
document_type={Article},
source={Scopus},
}

@INPROCEEDINGS{Perianez2016564,
author={Perianez, A. and Saas, A. and Guitart, A. and Magne, C.},
title={Churn prediction in mobile social games: Towards a complete assessment using survival ensembles},
journal={Proceedings - 3rd IEEE International Conference on Data Science and Advanced Analytics, DSAA 2016},
year={2016},
pages={564-573},
doi={10.1109/DSAA.2016.84},
art_number={7796943},
note={cited By 27},
url={https://www.scopus.com/inward/record.uri?eid=2-s2.0-85011292146&doi=10.1109%2fDSAA.2016.84&partnerID=40&md5=7359ca6dd7d276137e1116e4560cf8b0},
document_type={Conference Paper},
source={Scopus},
}

@ARTICLE{Zhao201611,
author={Zhao, X. and Lin, Q. and Chen, J. and Wang, X. and Yu, J. and Ming, Z.},
title={Optimizing security and quality of service in a Real-time database system using Multi-objective genetic algorithm},
journal={Expert Systems with Applications},
year={2016},
volume={64},
pages={11-23},
doi={10.1016/j.eswa.2016.07.023},
note={cited By 12},
url={https://www.scopus.com/inward/record.uri?eid=2-s2.0-84979255160&doi=10.1016%2fj.eswa.2016.07.023&partnerID=40&md5=70a6a3ca303113211d2f92fef1e0680c},
document_type={Article},
source={Scopus},
}

@ARTICLE{Ma2016,
author={Ma, S. and Li, X. and Wang, Y.},
title={Classification of gene expression data using multiobjective differential evolution},
journal={Energies},
year={2016},
volume={9},
number={12},
doi={10.3390/en9121061},
art_number={1061},
note={cited By 1},
url={https://www.scopus.com/inward/record.uri?eid=2-s2.0-85021213369&doi=10.3390%2fen9121061&partnerID=40&md5=1b8c1f85c185c18ae9cb6e377f8574dc},
document_type={Article},
source={Scopus},
}

@INPROCEEDINGS{Karapinar20161349,
author={Karapinar, H.C. and Altay, A. and Kayakutlu, G.},
title={Churn detection and prediction in automotive supply industry},
journal={Proceedings of the 2016 Federated Conference on Computer Science and Information Systems, FedCSIS 2016},
year={2016},
pages={1349-1354},
doi={10.15439/2016F245},
art_number={7733421},
note={cited By 1},
url={https://www.scopus.com/inward/record.uri?eid=2-s2.0-85007212166&doi=10.15439%2f2016F245&partnerID=40&md5=2ee3fe513a9a2d93db57d9043f0d8474},
document_type={Conference Paper},
source={Scopus},
}

@INPROCEEDINGS{Mohanty2016598,
author={Mohanty, R. and Rani, K.J.},
title={Application of Computational Intelligence to Predict Churn and Non-Churn of Customers in Indian Telecommunication},
journal={Proceedings - 2015 International Conference on Computational Intelligence and Communication Networks, CICN 2015},
year={2016},
pages={598-603},
doi={10.1109/CICN.2015.123},
art_number={7546164},
note={cited By 5},
url={https://www.scopus.com/inward/record.uri?eid=2-s2.0-84985945386&doi=10.1109%2fCICN.2015.123&partnerID=40&md5=e781ce27d565763f5eec19a5d27b93d3},
document_type={Conference Paper},
source={Scopus},
}

@INPROCEEDINGS{Chidlovskii2016451,
author={Chidlovskii, B. and Clinchant, S. and Csurka, G.},
title={Domain adaptation in the absence of source domain data},
journal={Proceedings of the ACM SIGKDD International Conference on Knowledge Discovery and Data Mining},
year={2016},
volume={13-17-August-2016},
pages={451-460},
doi={10.1145/2939672.2939716},
note={cited By 8},
url={https://www.scopus.com/inward/record.uri?eid=2-s2.0-84985007032&doi=10.1145%2f2939672.2939716&partnerID=40&md5=db9fb4055f524597d0facbc418f72482},
document_type={Conference Paper},
source={Scopus},
}

@ARTICLE{Xue2016606,
author={Xue, B. and Zhang, M. and Browne, W.N. and Yao, X.},
title={A Survey on Evolutionary Computation Approaches to Feature Selection},
journal={IEEE Transactions on Evolutionary Computation},
year={2016},
volume={20},
number={4},
pages={606-626},
doi={10.1109/TEVC.2015.2504420},
art_number={7339682},
note={cited By 460},
url={https://www.scopus.com/inward/record.uri?eid=2-s2.0-84982830440&doi=10.1109%2fTEVC.2015.2504420&partnerID=40&md5=3c43a953fb6b88cb0e9fabebcd90ba2e},
document_type={Article},
source={Scopus},
}

@ARTICLE{Karakaya20161424,
author={Karakaya, G. and Galelli, S. and Ahipasaoglu, S.D. and Taormina, R.},
title={Identifying (Quasi) Equally Informative Subsets in Feature Selection Problems for Classification: A Max-Relevance Min-Redundancy Approach},
journal={IEEE Transactions on Cybernetics},
year={2016},
volume={46},
number={6},
pages={1424-1437},
doi={10.1109/TCYB.2015.2444435},
art_number={7150365},
note={cited By 18},
url={https://www.scopus.com/inward/record.uri?eid=2-s2.0-84936084171&doi=10.1109%2fTCYB.2015.2444435&partnerID=40&md5=2d613b304e35a5d7ff330e645dc1ea22},
document_type={Article},
source={Scopus},
}

@ARTICLE{Erlandsson2016,
author={Erlandsson, F. and Bródka, P. and Borg, A. and Johnson, H.},
title={Finding influential users in social media using association rule learning},
journal={Entropy},
year={2016},
volume={18},
number={5},
doi={10.3390/e18050164},
art_number={164},
note={cited By 38},
url={https://www.scopus.com/inward/record.uri?eid=2-s2.0-85009812338&doi=10.3390%2fe18050164&partnerID=40&md5=84f136127c205f4defddae5f4875cbac},
document_type={Article},
source={Scopus},
}

@INPROCEEDINGS{Adaji2016182,
author={Adaji, I. and Vassileva, J.},
title={Predicting churn of expert respondents in social networks using data mining techniques: A case study of stack overflow},
journal={Proceedings - 2015 IEEE 14th International Conference on Machine Learning and Applications, ICMLA 2015},
year={2016},
pages={182-189},
doi={10.1109/ICMLA.2015.120},
art_number={7424306},
note={cited By 4},
url={https://www.scopus.com/inward/record.uri?eid=2-s2.0-84969622266&doi=10.1109%2fICMLA.2015.120&partnerID=40&md5=b340e382f84fecf56295f7c46392305f},
document_type={Conference Paper},
source={Scopus},
}

@ARTICLE{Ballings201615,
author={Ballings, M. and Van den Poel, D. and Bogaert, M.},
title={Social media optimization: Identifying an optimal strategy for increasing network size on Facebook},
journal={Omega (United Kingdom)},
year={2016},
volume={59},
pages={15-25},
doi={10.1016/j.omega.2015.04.017},
note={cited By 13},
url={https://www.scopus.com/inward/record.uri?eid=2-s2.0-84949097599&doi=10.1016%2fj.omega.2015.04.017&partnerID=40&md5=03a94a8d72cc9e0c6637dbec037e5b10},
document_type={Article},
source={Scopus},
}

@ARTICLE{Bogaert201626,
author={Bogaert, M. and Ballings, M. and Van Den Poel, D.},
title={The added value of Facebook friends data in event attendance prediction},
journal={Decision Support Systems},
year={2016},
volume={82},
pages={26-34},
doi={10.1016/j.dss.2015.11.003},
note={cited By 17},
url={https://www.scopus.com/inward/record.uri?eid=2-s2.0-84955360184&doi=10.1016%2fj.dss.2015.11.003&partnerID=40&md5=abdaab3307acc5446f4b52cfb98b70d7},
document_type={Article},
source={Scopus},
}

@ARTICLE{Tsai2016110,
author={Tsai, C.-F. and Lu, Y.-H. and Hung, Y.-C. and Yen, D.C.},
title={Intangible assets evaluation: The machine learning perspective},
journal={Neurocomputing},
year={2016},
volume={175},
number={PartA},
pages={110-120},
doi={10.1016/j.neucom.2015.10.041},
note={cited By 10},
url={https://www.scopus.com/inward/record.uri?eid=2-s2.0-84949485858&doi=10.1016%2fj.neucom.2015.10.041&partnerID=40&md5=2f4f3dc142840a04eb35b4542d626607},
document_type={Article},
source={Scopus},
}

@ARTICLE{Tamaddoni2016123,
author={Tamaddoni, A. and Stakhovych, S. and Ewing, M.},
title={Comparing Churn Prediction Techniques and Assessing Their Performance: A Contingent Perspective},
journal={Journal of Service Research},
year={2016},
volume={19},
number={2},
pages={123-141},
doi={10.1177/1094670515616376},
note={cited By 10},
url={https://www.scopus.com/inward/record.uri?eid=2-s2.0-84962732986&doi=10.1177%2f1094670515616376&partnerID=40&md5=2d6894cfe9b888b5a8c13edfcab4b15a},
document_type={Article},
source={Scopus},
}

@INPROCEEDINGS{Esteves2016254,
author={Esteves, G. and Mendes-Moreira, J.},
title={Churn perdiction in the telecom business},
journal={2016 11th International Conference on Digital Information Management, ICDIM 2016},
year={2016},
pages={254-259},
doi={10.1109/ICDIM.2016.7829775},
art_number={7829775},
note={cited By 3},
url={https://www.scopus.com/inward/record.uri?eid=2-s2.0-85014371027&doi=10.1109%2fICDIM.2016.7829775&partnerID=40&md5=2c72e4ed5c1203692332e1bd2391c5e9},
document_type={Conference Paper},
source={Scopus},
}

@INPROCEEDINGS{Erlandsson2016126,
author={Erlandsson, F. and Borg, A. and Johnson, H. and Bródka, P.},
title={Predicting user participation in social media},
journal={Lecture Notes in Computer Science (including subseries Lecture Notes in Artificial Intelligence and Lecture Notes in Bioinformatics)},
year={2016},
volume={9564},
pages={126-135},
doi={10.1007/978-3-319-28361-6_10},
note={cited By 8},
url={https://www.scopus.com/inward/record.uri?eid=2-s2.0-84955248600&doi=10.1007%2f978-3-319-28361-6_10&partnerID=40&md5=b9af2a6e93f9ff323260ac63cee2ce51},
document_type={Conference Paper},
source={Scopus},
}

@ARTICLE{Gerpott20157917,
author={Gerpott, T.J. and Ahmadi, N.},
title={Regaining drifting mobile communication customers: Predicting the odds of success of winback efforts with competing risks regression},
journal={Expert Systems with Applications},
year={2015},
volume={42},
number={21},
pages={7917-7928},
doi={10.1016/j.eswa.2015.05.011},
note={cited By 7},
url={https://www.scopus.com/inward/record.uri?eid=2-s2.0-84934783375&doi=10.1016%2fj.eswa.2015.05.011&partnerID=40&md5=9e796214351bf5ad9571c1a9549dbc87},
document_type={Article},
source={Scopus},
}

@ARTICLE{Ballings20157046,
author={Ballings, M. and Van Den Poel, D. and Hespeels, N. and Gryp, R.},
title={Evaluating multiple classifiers for stock price direction prediction},
journal={Expert Systems with Applications},
year={2015},
volume={42},
number={20},
pages={7046-7056},
doi={10.1016/j.eswa.2015.05.013},
note={cited By 123},
url={https://www.scopus.com/inward/record.uri?eid=2-s2.0-84930652672&doi=10.1016%2fj.eswa.2015.05.013&partnerID=40&md5=a8495991d06cfc082177bcc27bf27628},
document_type={Article},
source={Scopus},
}

@ARTICLE{Coletta2015229,
author={Coletta, L.F.S. and Hruschka, E.R. and Acharya, A. and Ghosh, J.},
title={Using metaheuristics to optimize the combination of classifier and cluster ensembles},
journal={Integrated Computer-Aided Engineering},
year={2015},
volume={22},
number={3},
pages={229-242},
doi={10.3233/ICA-150485},
note={cited By 28},
url={https://www.scopus.com/inward/record.uri?eid=2-s2.0-84931081651&doi=10.3233%2fICA-150485&partnerID=40&md5=58844b7f3c95279ddd5818a0687e0b3f},
document_type={Article},
source={Scopus},
}

@INPROCEEDINGS{Baumann2015,
author={Baumann, A. and Coussement, K. and Lessmann, S. and De Bock, K.},
title={Maximize what matters: Predicting customer churn with decisioncentric ensemble selection},
journal={23rd European Conference on Information Systems, ECIS 2015},
year={2015},
volume={2015-May},
note={cited By 4},
url={https://www.scopus.com/inward/record.uri?eid=2-s2.0-85007518234&partnerID=40&md5=a01c574af969d21b8aa07c69506a05b5},
document_type={Conference Paper},
source={Scopus},
}

@INPROCEEDINGS{Ballings2015248,
author={Ballings, M. and Van Den Poel, D.},
title={CRM in social media: Predicting increases in Facebook usage frequency},
journal={European Journal of Operational Research},
year={2015},
volume={244},
number={1},
pages={248-260},
doi={10.1016/j.ejor.2015.01.001},
note={cited By 28},
url={https://www.scopus.com/inward/record.uri?eid=2-s2.0-84930480333&doi=10.1016%2fj.ejor.2015.01.001&partnerID=40&md5=713c028ce48e418b14d1b9ee145ec903},
document_type={Conference Paper},
source={Scopus},
}

@ARTICLE{Xiao201529,
author={Xiao, J. and Xiao, Y. and Huang, A. and Liu, D. and Wang, S.},
title={Feature-selection-based dynamic transfer ensemble model for customer churn prediction},
journal={Knowledge and Information Systems},
year={2015},
volume={43},
number={1},
pages={29-51},
doi={10.1007/s10115-013-0722-y},
note={cited By 29},
url={https://www.scopus.com/inward/record.uri?eid=2-s2.0-84891896379&doi=10.1007%2fs10115-013-0722-y&partnerID=40&md5=7e2fda11a5d6cfadc79d32e6febf0c67},
document_type={Article},
source={Scopus},
}

@ARTICLE{Moeyersoms201572,
author={Moeyersoms, J. and Martens, D.},
title={Including high-cardinality attributes in predictive models: A case study in churn prediction in the energy sector},
journal={Decision Support Systems},
year={2015},
volume={72},
pages={72-81},
doi={10.1016/j.dss.2015.02.007},
note={cited By 29},
url={https://www.scopus.com/inward/record.uri?eid=2-s2.0-84923583298&doi=10.1016%2fj.dss.2015.02.007&partnerID=40&md5=68dff34f5c179e4129457bf866d4226d},
document_type={Article},
source={Scopus},
}

@ARTICLE{Mahajan2015183,
author={Mahajan, V. and Misra, R. and Mahajan, R.},
title={Review of data mining techniques for churn prediction in telecom},
journal={Journal of Information and Organizational Sciences},
year={2015},
volume={39},
number={2},
pages={183-197},
note={cited By 13},
url={https://www.scopus.com/inward/record.uri?eid=2-s2.0-84954065213&partnerID=40&md5=f907e68d2cf9b7ff0e558e5f6f8fd366},
document_type={Article},
source={Scopus},
}

@ARTICLE{Bose2015227,
author={Bose, I. and Chen, X.},
title={Detecting the migration of mobile service customers using fuzzy clustering},
journal={Information and Management},
year={2015},
volume={52},
number={2},
pages={227-238},
doi={10.1016/j.im.2014.11.001},
note={cited By 20},
url={https://www.scopus.com/inward/record.uri?eid=2-s2.0-85027941835&doi=10.1016%2fj.im.2014.11.001&partnerID=40&md5=07410827019a84a2a228f470b757a9b3},
document_type={Article},
source={Scopus},
}

@ARTICLE{Sánchez201582,
author={Sánchez, E.M. and Clempner, J.B. and Poznyak, A.S.},
title={A priori-knowledge/actor-critic reinforcement learning architecture for computing the mean-variance customer portfolio: The case of bank marketing campaigns},
journal={Engineering Applications of Artificial Intelligence},
year={2015},
volume={46},
pages={82-92},
doi={10.1016/j.engappai.2015.08.011},
note={cited By 18},
url={https://www.scopus.com/inward/record.uri?eid=2-s2.0-84946037730&doi=10.1016%2fj.engappai.2015.08.011&partnerID=40&md5=96aec3d8660ec5f7f9e048364ab794e4},
document_type={Article},
source={Scopus},
}

@ARTICLE{Guo2015135,
author={Guo, H. and Pathak, P. and Cheng, H.K.},
title={Estimating Social Influences from Social Networking Sites-Articulated Friendships versus Communication Interactions},
journal={Decision Sciences},
year={2015},
volume={46},
number={1},
pages={135-163},
doi={10.1111/deci.12118},
note={cited By 19},
url={https://www.scopus.com/inward/record.uri?eid=2-s2.0-84923351844&doi=10.1111%2fdeci.12118&partnerID=40&md5=fc119a8fea3212ef3c33891dce4dd06b},
document_type={Article},
source={Scopus},
}

@ARTICLE{Akhondzadeh-Noughabi20151976,
author={Akhondzadeh-Noughabi, E. and Albadvi, A.},
title={Mining the dominant patterns of customer shifts between segments by using top-k and distinguishing sequential rules},
journal={Management Decision},
year={2015},
volume={53},
number={9},
pages={1976-2003},
doi={10.1108/MD-09-2014-0551},
note={cited By 7},
url={https://www.scopus.com/inward/record.uri?eid=2-s2.0-84944738075&doi=10.1108%2fMD-09-2014-0551&partnerID=40&md5=52295865c279f3f430249715185cde58},
document_type={Article},
source={Scopus},
}

@ARTICLE{Tsai20151614,
author={Tsai, J.-T. and Chiu, K.-Y. and Chou, J.-H.},
title={Performance Prediction and Sensitivity Analysis of SAW Gas Sensors},
journal={IEEE Access},
year={2015},
volume={3},
pages={1614-1619},
doi={10.1109/ACCESS.2015.2478789},
art_number={7272035},
note={cited By 6},
url={https://www.scopus.com/inward/record.uri?eid=2-s2.0-84961083376&doi=10.1109%2fACCESS.2015.2478789&partnerID=40&md5=767a5a640bb8036e83b072fc5c8aa77a},
document_type={Article},
source={Scopus},
}

@ARTICLE{GürAli20147889,
author={Gür Ali, Ö. and Aritürk, U.},
title={Dynamic churn prediction framework with more effective use of rare event data: The case of private banking},
journal={Expert Systems with Applications},
year={2014},
volume={41},
number={17},
pages={7889-7903},
doi={10.1016/j.eswa.2014.06.018},
note={cited By 33},
url={https://www.scopus.com/inward/record.uri?eid=2-s2.0-84905266057&doi=10.1016%2fj.eswa.2014.06.018&partnerID=40&md5=df53c4f1ab3e7dd789832610d0a46f6c},
document_type={Article},
source={Scopus},
}

@ARTICLE{Lee2014454,
author={Lee, S. and Koo, B. and Jung, K.-H.},
title={Comparative study of dimension reduction methods for highly imbalanced overlapping churn data},
journal={Industrial Engineering and Management Systems},
year={2014},
volume={13},
number={4},
pages={454-462},
doi={10.7232/iems.2014.13.4.454},
note={cited By 0},
url={https://www.scopus.com/inward/record.uri?eid=2-s2.0-84923308872&doi=10.7232%2fiems.2014.13.4.454&partnerID=40&md5=18d7249c5a42e24467ef4f7908acd7cb},
document_type={Article},
source={Scopus},
}

@ARTICLE{Farquad201431,
author={Farquad, M.A.H. and Ravi, V. and Raju, S.B.},
title={Churn prediction using comprehensible support vector machine: An analytical CRM application},
journal={Applied Soft Computing Journal},
year={2014},
volume={19},
pages={31-40},
doi={10.1016/j.asoc.2014.01.031},
note={cited By 68},
url={https://www.scopus.com/inward/record.uri?eid=2-s2.0-84896849083&doi=10.1016%2fj.asoc.2014.01.031&partnerID=40&md5=f44503912244ee9d9494f7c526fdf76e},
document_type={Article},
source={Scopus},
}

@ARTICLE{Benedek2014175,
author={Benedek, G. and Lublóy, A. and Vastag, G.},
title={The importance of social embeddedness: Churn models at mobile providers},
journal={Decision Sciences},
year={2014},
volume={45},
number={1},
pages={175-201},
doi={10.1111/deci.12057},
note={cited By 16},
url={https://www.scopus.com/inward/record.uri?eid=2-s2.0-84893140408&doi=10.1111%2fdeci.12057&partnerID=40&md5=9b06a93f6b14b087ddf8d6b180c9b3e5},
document_type={Article},
source={Scopus},
}

@ARTICLE{Verbraken20143,
author={Verbraken, T. and Verbeke, W. and Baesens, B.},
title={Profit optimizing customer churn prediction with Bayesian network classifiers},
journal={Intelligent Data Analysis},
year={2014},
volume={18},
number={1},
pages={3-24},
doi={10.3233/IDA-130625},
note={cited By 22},
url={https://www.scopus.com/inward/record.uri?eid=2-s2.0-84892749103&doi=10.3233%2fIDA-130625&partnerID=40&md5=9cf10e34a2eb7caf2f9fa52864983794},
document_type={Article},
source={Scopus},
}

@INPROCEEDINGS{Prasasti2014157,
author={Prasasti, N. and Ohwada, H.},
title={Applicability of machine-learning techniques in predicting customer defection},
journal={ISTMET 2014 - 1st International Symposium on Technology Management and Emerging Technologies, Proceedings},
year={2014},
pages={157-162},
doi={10.1109/ISTMET.2014.6936498},
art_number={6936498},
note={cited By 4},
url={https://www.scopus.com/inward/record.uri?eid=2-s2.0-84912080362&doi=10.1109%2fISTMET.2014.6936498&partnerID=40&md5=d7867e6823680332cb1ed1dd2522a1f7},
document_type={Conference Paper},
source={Scopus},
}

@INPROCEEDINGS{Jiang20141517,
author={Jiang, M. and Chu, N. and Bi, X.M.},
title={Research on customers churn prediction model based on logistic},
journal={Advanced Materials Research},
year={2014},
volume={989-994},
pages={1517-1521},
doi={10.4028/www.scientific.net/AMR.989-994.1517},
note={cited By 0},
url={https://www.scopus.com/inward/record.uri?eid=2-s2.0-84905842808&doi=10.4028%2fwww.scientific.net%2fAMR.989-994.1517&partnerID=40&md5=40ff7c516c049e14eadae8bc7c62436a},
document_type={Conference Paper},
source={Scopus},
}

@ARTICLE{Jahromi20141258,
author={Jahromi, A.T. and Stakhovych, S. and Ewing, M.},
title={Managing B2B customer churn, retention and profitability},
journal={Industrial Marketing Management},
year={2014},
volume={43},
number={7},
pages={1258-1268},
doi={10.1016/j.indmarman.2014.06.016},
note={cited By 35},
url={https://www.scopus.com/inward/record.uri?eid=2-s2.0-84909998420&doi=10.1016%2fj.indmarman.2014.06.016&partnerID=40&md5=cc1e1bd161278037dc0cf325dacd9890},
document_type={Article},
source={Scopus},
}

@INPROCEEDINGS{He2014423,
author={He, B. and Shi, Y. and Wan, Q. and Zhao, X.},
title={Prediction of customer attrition of commercial banks based on SVM model},
journal={Procedia Computer Science},
year={2014},
volume={31},
pages={423-430},
doi={10.1016/j.procs.2014.05.286},
note={cited By 21},
url={https://www.scopus.com/inward/record.uri?eid=2-s2.0-84902290006&doi=10.1016%2fj.procs.2014.05.286&partnerID=40&md5=1bd8e23ecb785467fcbb16507b7b7e02},
document_type={Conference Paper},
source={Scopus},
}

@ARTICLE{Verbeke2014431,
author={Verbeke, W. and Martens, D. and Baesens, B.},
title={Social network analysis for customer churn prediction},
journal={Applied Soft Computing Journal},
year={2014},
volume={14},
number={PART C},
pages={431-446},
doi={10.1016/j.asoc.2013.09.017},
note={cited By 68},
url={https://www.scopus.com/inward/record.uri?eid=2-s2.0-84889092660&doi=10.1016%2fj.asoc.2013.09.017&partnerID=40&md5=d1ea45f96754c44e3c9e04a987117f71},
document_type={Article},
source={Scopus},
}

@INPROCEEDINGS{Nabavi2013202,
author={Nabavi, S. and Jafari, S.},
title={Providing a customer churn prediction model Using Random Forest technique},
journal={IKT 2013 - 2013 5th Conference on Information and Knowledge Technology},
year={2013},
pages={202-207},
doi={10.1109/IKT.2013.6620065},
art_number={6620065},
note={cited By 0},
url={https://www.scopus.com/inward/record.uri?eid=2-s2.0-84888580803&doi=10.1109%2fIKT.2013.6620065&partnerID=40&md5=3e1d4d44b09360f1b68e2480bf3d15b6},
document_type={Conference Paper},
source={Scopus},
}

@INPROCEEDINGS{Radosavljevik2013357,
author={Radosavljevik, D. and Van Der Putten, P.},
title={Preventing churn in telecommunications: The forgotten network},
journal={Lecture Notes in Computer Science (including subseries Lecture Notes in Artificial Intelligence and Lecture Notes in Bioinformatics)},
year={2013},
volume={8207 LNCS},
pages={357-368},
doi={10.1007/978-3-642-41398-8_31},
note={cited By 3},
url={https://www.scopus.com/inward/record.uri?eid=2-s2.0-84887105747&doi=10.1007%2f978-3-642-41398-8_31&partnerID=40&md5=4d5252eda18eeab39d4f6b6810ba0767},
document_type={Conference Paper},
source={Scopus},
}

@ARTICLE{Brandner2013581,
author={Brandner, H. and Lessmann, S. and Voß, S.},
title={A memetic approach to construct transductive discrete support vector machines},
journal={European Journal of Operational Research},
year={2013},
volume={230},
number={3},
pages={581-595},
doi={10.1016/j.ejor.2013.05.010},
note={cited By 2},
url={https://www.scopus.com/inward/record.uri?eid=2-s2.0-84879507120&doi=10.1016%2fj.ejor.2013.05.010&partnerID=40&md5=33e8f42473ec2423b664f03d05919906},
document_type={Article},
source={Scopus},
}

@ARTICLE{Coussement20131629,
author={Coussement, K. and De Bock, K.W.},
title={Customer churn prediction in the online gambling industry: The beneficial effect of ensemble learning},
journal={Journal of Business Research},
year={2013},
volume={66},
number={9},
pages={1629-1636},
doi={10.1016/j.jbusres.2012.12.008},
note={cited By 50},
url={https://www.scopus.com/inward/record.uri?eid=2-s2.0-84878129482&doi=10.1016%2fj.jbusres.2012.12.008&partnerID=40&md5=df75daf3945dbac89260d10cbad36716},
document_type={Article},
source={Scopus},
}

@ARTICLE{Aghabayk2013581,
author={Aghabayk, K. and Forouzideh, N. and Young, W.},
title={Exploring a local linear model tree approach to car-following},
journal={Computer-Aided Civil and Infrastructure Engineering},
year={2013},
volume={28},
number={8},
pages={581-593},
doi={10.1111/mice.12011},
note={cited By 10},
url={https://www.scopus.com/inward/record.uri?eid=2-s2.0-84880631779&doi=10.1111%2fmice.12011&partnerID=40&md5=315e0a52ebe21ec3401ddb98135c973d},
document_type={Article},
source={Scopus},
}

@ARTICLE{Miguéis20136225,
author={Miguéis, V.L. and Camanho, A. and Falcão E Cunha, J.},
title={Customer attrition in retailing: An application of Multivariate Adaptive Regression Splines},
journal={Expert Systems with Applications},
year={2013},
volume={40},
number={16},
pages={6225-6232},
doi={10.1016/j.eswa.2013.05.069},
note={cited By 19},
url={https://www.scopus.com/inward/record.uri?eid=2-s2.0-84879492175&doi=10.1016%2fj.eswa.2013.05.069&partnerID=40&md5=1659e332fe95f3ce179f9c8adf2f2d7c},
document_type={Article},
source={Scopus},
}

@ARTICLE{Ballings20132904,
author={Ballings, M. and Van Den Poel, D.},
title={Kernel Factory: An ensemble of kernel machines},
journal={Expert Systems with Applications},
year={2013},
volume={40},
number={8},
pages={2904-2913},
doi={10.1016/j.eswa.2012.12.007},
note={cited By 16},
url={https://www.scopus.com/inward/record.uri?eid=2-s2.0-84874656675&doi=10.1016%2fj.eswa.2012.12.007&partnerID=40&md5=6b550502bb9e526c8a917eb5c17cea25},
document_type={Article},
source={Scopus},
}

@ARTICLE{Kim20132198,
author={Kim, Y.S. and Lee, H. and Johnson, J.D.},
title={Churn management optimization with controllable marketing variables and associated management costs},
journal={Expert Systems with Applications},
year={2013},
volume={40},
number={6},
pages={2198-2207},
doi={10.1016/j.eswa.2012.10.043},
note={cited By 5},
url={https://www.scopus.com/inward/record.uri?eid=2-s2.0-84872855007&doi=10.1016%2fj.eswa.2012.10.043&partnerID=40&md5=c0768c83a47b9f1ef124902b7f2f0ce6},
document_type={Article},
source={Scopus},
}

@ARTICLE{Chen2013123,
author={Chen, Z.-Y. and Fan, Z.-P.},
title={Dynamic customer lifetime value prediction using longitudinal data: An improved multiple kernel SVR approach},
journal={Knowledge-Based Systems},
year={2013},
volume={43},
pages={123-134},
doi={10.1016/j.knosys.2013.01.022},
note={cited By 13},
url={https://www.scopus.com/inward/record.uri?eid=2-s2.0-84875264607&doi=10.1016%2fj.knosys.2013.01.022&partnerID=40&md5=ad1820a260d101b510c126bb9641af30},
document_type={Article},
source={Scopus},
}

@INPROCEEDINGS{Galanis2013403,
author={Galanis, D. and Karabetsos, S. and Koutsombogera, M. and Papageorgiou, H. and Esposito, A. and Riviello, M.-T.},
title={Classification of emotional speech units in call centre interactions},
journal={4th IEEE International Conference on Cognitive Infocommunications, CogInfoCom 2013 - Proceedings},
year={2013},
pages={403-406},
doi={10.1109/CogInfoCom.2013.6719279},
art_number={6719279},
note={cited By 14},
url={https://www.scopus.com/inward/record.uri?eid=2-s2.0-84894207889&doi=10.1109%2fCogInfoCom.2013.6719279&partnerID=40&md5=c57073fd4c06b167097c98012ca06db3},
document_type={Conference Paper},
source={Scopus},
}

@ARTICLE{Wang2013357,
author={Wang, H.-Y. and Liao, C. and Kao, C.-H.},
title={A credit assessment mechanism for wireless telecommunication debt collection: An empirical study},
journal={Information Systems and e-Business Management},
year={2013},
volume={11},
number={3},
pages={357-375},
doi={10.1007/s10257-012-0192-x},
note={cited By 5},
url={https://www.scopus.com/inward/record.uri?eid=2-s2.0-84880796685&doi=10.1007%2fs10257-012-0192-x&partnerID=40&md5=524d77012ec3fd59c288823cef902738},
document_type={Article},
source={Scopus},
}

@ARTICLE{Ballings201213517,
author={Ballings, M. and Van Den Poel, D.},
title={Customer event history for churn prediction: How long is long enough?},
journal={Expert Systems with Applications},
year={2012},
volume={39},
number={18},
pages={13517-13522},
doi={10.1016/j.eswa.2012.07.006},
note={cited By 29},
url={https://www.scopus.com/inward/record.uri?eid=2-s2.0-84865244941&doi=10.1016%2fj.eswa.2012.07.006&partnerID=40&md5=29c45cf57d7ba37e6804c1b17f385c5b},
document_type={Article},
source={Scopus},
}

@ARTICLE{Kim201213328,
author={Kim, K. and Lee, J.},
title={Sequential manifold learning for efficient churn prediction},
journal={Expert Systems with Applications},
year={2012},
volume={39},
number={18},
pages={13328-13337},
doi={10.1016/j.eswa.2012.05.069},
note={cited By 4},
url={https://www.scopus.com/inward/record.uri?eid=2-s2.0-84865249178&doi=10.1016%2fj.eswa.2012.05.069&partnerID=40&md5=80adc255ab0ec2bf34ef0edd0a22df80},
document_type={Article},
source={Scopus},
}

@ARTICLE{Chen2012461,
author={Chen, Z.-Y. and Fan, Z.-P. and Sun, M.},
title={A hierarchical multiple kernel support vector machine for customer churn prediction using longitudinal behavioral data},
journal={European Journal of Operational Research},
year={2012},
volume={223},
number={2},
pages={461-472},
doi={10.1016/j.ejor.2012.06.040},
note={cited By 76},
url={https://www.scopus.com/inward/record.uri?eid=2-s2.0-84864609860&doi=10.1016%2fj.ejor.2012.06.040&partnerID=40&md5=19a8b41c573c9fdc1726730715814037},
document_type={Article},
source={Scopus},
}

@ARTICLE{Chen2012111,
author={Chen, Z.-Y. and Fan, Z.-P.},
title={Distributed customer behavior prediction using multiplex data: A collaborative MK-SVM approach},
journal={Knowledge-Based Systems},
year={2012},
volume={35},
pages={111-119},
doi={10.1016/j.knosys.2012.04.023},
note={cited By 25},
url={https://www.scopus.com/inward/record.uri?eid=2-s2.0-84866523423&doi=10.1016%2fj.knosys.2012.04.023&partnerID=40&md5=b0ea4a857890e2753eb1c97712d1ff4c},
document_type={Article},
source={Scopus},
}

@ARTICLE{Benoit201211435,
author={Benoit, D.F. and Van Den Poel, D.},
title={Improving customer retention in financial services using kinship network information},
journal={Expert Systems with Applications},
year={2012},
volume={39},
number={13},
pages={11435-11442},
doi={10.1016/j.eswa.2012.04.016},
note={cited By 30},
url={https://www.scopus.com/inward/record.uri?eid=2-s2.0-84861347296&doi=10.1016%2fj.eswa.2012.04.016&partnerID=40&md5=c07d6d4a5009ab726b0c6ead0cd21bc5},
document_type={Article},
source={Scopus},
}

@ARTICLE{Abdi20121022,
author={Abdi, J. and Moshiri, B. and Abdulhai, B. and Sedigh, A.K.},
title={Forecasting of short-term traffic-flow based on improved neurofuzzy models via emotional temporal difference learning algorithm},
journal={Engineering Applications of Artificial Intelligence},
year={2012},
volume={25},
number={5},
pages={1022-1042},
doi={10.1016/j.engappai.2011.09.011},
note={cited By 58},
url={https://www.scopus.com/inward/record.uri?eid=2-s2.0-84862149193&doi=10.1016%2fj.engappai.2011.09.011&partnerID=40&md5=407e305bfb79a076dc094f6bee0d7c26},
document_type={Article},
source={Scopus},
}

@ARTICLE{Tsai201267,
author={Tsai, C.-F. and Lu, Y.-H. and Yen, D.C.},
title={Determinants of intangible assets value: The data mining approach},
journal={Knowledge-Based Systems},
year={2012},
volume={31},
pages={67-77},
doi={10.1016/j.knosys.2012.02.007},
note={cited By 31},
url={https://www.scopus.com/inward/record.uri?eid=2-s2.0-84862793349&doi=10.1016%2fj.knosys.2012.02.007&partnerID=40&md5=6c4ff66229e9f1ebd985b414f19d0245},
document_type={Article},
source={Scopus},
}

@ARTICLE{DeBock20126816,
author={De Bock, K.W. and Van Den Poel, D.},
title={Reconciling performance and interpretability in customer churn prediction using ensemble learning based on generalized additive models},
journal={Expert Systems with Applications},
year={2012},
volume={39},
number={8},
pages={6816-6826},
doi={10.1016/j.eswa.2012.01.014},
note={cited By 24},
url={https://www.scopus.com/inward/record.uri?eid=2-s2.0-84857651191&doi=10.1016%2fj.eswa.2012.01.014&partnerID=40&md5=fdad8977e3b5ddd3d26978d3b428f838},
document_type={Article},
source={Scopus},
}

@ARTICLE{Verbeke2012211,
author={Verbeke, W. and Dejaeger, K. and Martens, D. and Hur, J. and Baesens, B.},
title={New insights into churn prediction in the telecommunication sector: A profit driven data mining approach},
journal={European Journal of Operational Research},
year={2012},
volume={218},
number={1},
pages={211-229},
doi={10.1016/j.ejor.2011.09.031},
note={cited By 174},
url={https://www.scopus.com/inward/record.uri?eid=2-s2.0-83955164226&doi=10.1016%2fj.ejor.2011.09.031&partnerID=40&md5=8bb2d6587fdfa25211e92af7e5acc942},
document_type={Article},
source={Scopus},
}

@ARTICLE{Farquad201248,
author={Farquad, M.A.H. and Ravi, V. and Raju, S.B.},
title={Analytical CRM in banking and finance using SVM: A modified active learning-based rule extraction approach},
journal={International Journal of Electronic Customer Relationship Management},
year={2012},
volume={6},
number={1},
pages={48-73},
doi={10.1504/IJECRM.2012.046470},
note={cited By 8},
url={https://www.scopus.com/inward/record.uri?eid=2-s2.0-84859615858&doi=10.1504%2fIJECRM.2012.046470&partnerID=40&md5=38b252d0ab46e82049994207083d9d3b},
document_type={Article},
source={Scopus},
}

@ARTICLE{Zhang201297,
author={Zhang, X. and Zhu, J. and Xu, S. and Wan, Y.},
title={Predicting customer churn through interpersonal influence},
journal={Knowledge-Based Systems},
year={2012},
volume={28},
pages={97-104},
doi={10.1016/j.knosys.2011.12.005},
note={cited By 43},
url={https://www.scopus.com/inward/record.uri?eid=2-s2.0-84856230447&doi=10.1016%2fj.knosys.2011.12.005&partnerID=40&md5=1c0fdcc52e2c0d408be484dedbe7dce5},
document_type={Article},
source={Scopus},
}

@ARTICLE{Xiao20123668,
author={Xiao, J. and Xie, L. and He, C. and Jiang, X.},
title={Dynamic classifier ensemble model for customer classification with imbalanced class distribution},
journal={Expert Systems with Applications},
year={2012},
volume={39},
number={3},
pages={3668-3675},
doi={10.1016/j.eswa.2011.09.059},
note={cited By 69},
url={https://www.scopus.com/inward/record.uri?eid=2-s2.0-80255137251&doi=10.1016%2fj.eswa.2011.09.059&partnerID=40&md5=0e1077ae4f2a260b86fe534b3cc37d9c},
document_type={Article},
source={Scopus},
}

@ARTICLE{Miguéis2012337,
author={Miguéis, V.L. and Van den Poel, D. and Camanho, A.S. and Falcão e Cunha, J.},
title={Predicting partial customer churn using Markov for discrimination for modeling first purchase sequences},
journal={Advances in Data Analysis and Classification},
year={2012},
volume={6},
number={4},
pages={337-353},
doi={10.1007/s11634-012-0121-3},
note={cited By 12},
url={https://www.scopus.com/inward/record.uri?eid=2-s2.0-84870472711&doi=10.1007%2fs11634-012-0121-3&partnerID=40&md5=b63f7d2c2a284b570a967a36b2676618},
document_type={Article},
source={Scopus},
}

@INPROCEEDINGS{Ballings2012217,
author={Ballings, M. and Van Den Poel, D. and Verhagen, E.},
title={Improving customer churn prediction by data augmentation using pictorial stimulus-choice data},
journal={Advances in Intelligent Systems and Computing},
year={2012},
volume={171 AISC},
pages={217-226},
doi={10.1007/978-3-642-30864-2_21},
note={cited By 1},
url={https://www.scopus.com/inward/record.uri?eid=2-s2.0-84866356406&doi=10.1007%2f978-3-642-30864-2_21&partnerID=40&md5=b251dda8f1930cd1b51d5da658205511},
document_type={Conference Paper},
source={Scopus},
}

@ARTICLE{Chen201277,
author={Chen, C.-L. and Wu, C.-W.},
title={Diagnosing assets impairment by using random forests model},
journal={International Journal of Information Technology and Decision Making},
year={2012},
volume={11},
number={1},
pages={77-102},
doi={10.1142/S0219622012500046},
note={cited By 3},
url={https://www.scopus.com/inward/record.uri?eid=2-s2.0-84863151912&doi=10.1142%2fS0219622012500046&partnerID=40&md5=9d954c6ce7c8885ace90b76a2ae169fd},
document_type={Article},
source={Scopus},
}

@INPROCEEDINGS{Xie2011134,
author={Xie, L. and Li, D. and Xiao, J.},
title={Feature selection based transfer ensemble model for customer churn prediction},
journal={2011 International Conference on System Science, Engineering Design and Manufacturing Informatization, ICSEM 2011},
year={2011},
volume={2},
pages={134-137},
doi={10.1109/ICSSEM.2011.6081258},
art_number={6081258},
note={cited By 3},
url={https://www.scopus.com/inward/record.uri?eid=2-s2.0-83455186067&doi=10.1109%2fICSSEM.2011.6081258&partnerID=40&md5=3535e9b5e294a423421aab66c5761230},
document_type={Conference Paper},
source={Scopus},
}

@INPROCEEDINGS{Wang2011177,
author={Wang, Y. and Xiao, J.},
title={Transfer ensemble model for customer churn prediction with imbalanced class distribution},
journal={Proceedings - 2011 International Conference of Information Technology, Computer Engineering and Management Sciences, ICM 2011},
year={2011},
volume={3},
pages={177-181},
doi={10.1109/ICM.2011.397},
art_number={6113613},
note={cited By 2},
url={https://www.scopus.com/inward/record.uri?eid=2-s2.0-84863028093&doi=10.1109%2fICM.2011.397&partnerID=40&md5=6bafe63ee8ffaea317ed95fe3ba2065c},
document_type={Conference Paper},
source={Scopus},
}

@INPROCEEDINGS{Hassouna201130,
author={Hassouna, M. and Arzoky, M.},
title={Agent based modelling and simulation: Toward a new model of customer retention in the mobile market},
journal={Proceedings of the 2011 Summer Computer Simulation Conference},
year={2011},
pages={30-35},
note={cited By 3},
url={https://www.scopus.com/inward/record.uri?eid=2-s2.0-84869782748&partnerID=40&md5=eb9a6c1371a9d80b5ad11bbe3fb13b1c},
document_type={Conference Paper},
source={Scopus},
}

@ARTICLE{Nie201115273,
author={Nie, G. and Rowe, W. and Zhang, L. and Tian, Y. and Shi, Y.},
title={Credit card churn forecasting by logistic regression and decision tree},
journal={Expert Systems with Applications},
year={2011},
volume={38},
number={12},
pages={15273-15285},
doi={10.1016/j.eswa.2011.06.028},
note={cited By 79},
url={https://www.scopus.com/inward/record.uri?eid=2-s2.0-80052022630&doi=10.1016%2fj.eswa.2011.06.028&partnerID=40&md5=53cf16f8a3d3fbea09ed9701386e17f9},
document_type={Article},
source={Scopus},
}

@ARTICLE{Lessmann201112826,
author={Lessmann, S. and Caserta, M. and Arango, I.M.},
title={Tuning metaheuristics: A data mining based approach for particle swarm optimization},
journal={Expert Systems with Applications},
year={2011},
volume={38},
number={10},
pages={12826-12838},
doi={10.1016/j.eswa.2011.04.075},
note={cited By 25},
url={https://www.scopus.com/inward/record.uri?eid=2-s2.0-79957978863&doi=10.1016%2fj.eswa.2011.04.075&partnerID=40&md5=925718b55dccb412c48c9e38278cb2e8},
document_type={Article},
source={Scopus},
}

@INPROCEEDINGS{Choi2011521,
author={Choi, D.S. and Wolfe, P.J.},
title={Learnability of latent position network models},
journal={IEEE Workshop on Statistical Signal Processing Proceedings},
year={2011},
pages={521-524},
doi={10.1109/SSP.2011.5967748},
art_number={5967748},
note={cited By 0},
url={https://www.scopus.com/inward/record.uri?eid=2-s2.0-80052195520&doi=10.1109%2fSSP.2011.5967748&partnerID=40&md5=d7299a0bff3b412272dad387e55f5f67},
document_type={Conference Paper},
source={Scopus},
}

@ARTICLE{Bonchi2011,
author={Bonchi, F. and Castillo, C. and Gionis, A. and Jaimes, A.},
title={Social network analysis and mining for business applications},
journal={ACM Transactions on Intelligent Systems and Technology},
year={2011},
volume={2},
number={3},
doi={10.1145/1961189.1961194},
art_number={22},
note={cited By 183},
url={https://www.scopus.com/inward/record.uri?eid=2-s2.0-79955676843&doi=10.1145%2f1961189.1961194&partnerID=40&md5=97b300501c1f9cc42dac802f5170207d},
document_type={Article},
source={Scopus},
}

@ARTICLE{Verbeke20112354,
author={Verbeke, W. and Martens, D. and Mues, C. and Baesens, B.},
title={Building comprehensible customer churn prediction models with advanced rule induction techniques},
journal={Expert Systems with Applications},
year={2011},
volume={38},
number={3},
pages={2354-2364},
doi={10.1016/j.eswa.2010.08.023},
note={cited By 146},
url={https://www.scopus.com/inward/record.uri?eid=2-s2.0-78049530278&doi=10.1016%2fj.eswa.2010.08.023&partnerID=40&md5=d948b3b93851f46cae4ffb343f6a59ae},
document_type={Article},
source={Scopus},
}

@ARTICLE{Chueh20111,
author={Chueh, H.-E. and Lin, S.-C. and Jan, N.-Y.},
title={Mining the telecom marketing information to optimizing the customer retention strategies},
journal={ICIC Express Letters, Part B: Applications},
year={2011},
volume={2},
number={1},
pages={1-6},
note={cited By 1},
url={https://www.scopus.com/inward/record.uri?eid=2-s2.0-79251499982&partnerID=40&md5=d346944caac1688be3989f82eb1a419d},
document_type={Article},
source={Scopus},
}

@ARTICLE{Verikas2011330,
author={Verikas, A. and Gelzinis, A. and Bacauskiene, M.},
title={Mining data with random forests: A survey and results of new tests},
journal={Pattern Recognition},
year={2011},
volume={44},
number={2},
pages={330-349},
doi={10.1016/j.patcog.2010.08.011},
note={cited By 349},
url={https://www.scopus.com/inward/record.uri?eid=2-s2.0-77958064179&doi=10.1016%2fj.patcog.2010.08.011&partnerID=40&md5=ccd647f3621b0fd25cfe65d58729ae52},
document_type={Article},
source={Scopus},
}

@ARTICLE{Vasu201175,
author={Vasu, M. and Ravi, V.},
title={A hybrid under-sampling approach for mining unbalanced datasets: Applications to banking and insurance},
journal={International Journal of Data Mining, Modelling and Management},
year={2011},
volume={3},
number={1},
pages={75-105},
doi={10.1504/IJDMMM.2011.038812},
note={cited By 12},
url={https://www.scopus.com/inward/record.uri?eid=2-s2.0-82555166579&doi=10.1504%2fIJDMMM.2011.038812&partnerID=40&md5=c607de9623efcd2c8441d215bbb9923f},
document_type={Article},
source={Scopus},
}

@ARTICLE{Kianmehr201175,
author={Kianmehr, K. and Alhajj, R.},
title={A fuzzy prediction model for calling communities},
journal={International Journal of Networking and Virtual Organisations},
year={2011},
volume={8},
number={1-2},
pages={75-97},
doi={10.1504/IJNVO.2011.037162},
note={cited By 2},
url={https://www.scopus.com/inward/record.uri?eid=2-s2.0-78649686909&doi=10.1504%2fIJNVO.2011.037162&partnerID=40&md5=c5672d2ca9f4f00f50ba6e4bb22259d4},
document_type={Article},
source={Scopus},
}

@INPROCEEDINGS{Karnstedt2010233,
author={Karnstedt, M. and Hennessy, T. and Chan, J. and Hayes, C.},
title={Churn in social networks: A discussion boards case study},
journal={Proceedings - SocialCom 2010: 2nd IEEE International Conference on Social Computing, PASSAT 2010: 2nd IEEE International Conference on Privacy, Security, Risk and Trust},
year={2010},
pages={233-240},
doi={10.1109/SocialCom.2010.40},
art_number={5590431},
note={cited By 14},
url={https://www.scopus.com/inward/record.uri?eid=2-s2.0-78649284534&doi=10.1109%2fSocialCom.2010.40&partnerID=40&md5=cc2de4f1d0990e1616b2b668ee7151b4},
document_type={Conference Paper},
source={Scopus},
}

@INPROCEEDINGS{Han20101286,
author={Han, H. and Mao, B.},
title={Fuzzy-rough k-nearest neighbor algorithm for imbalanced data sets learning},
journal={Proceedings - 2010 7th International Conference on Fuzzy Systems and Knowledge Discovery, FSKD 2010},
year={2010},
volume={3},
pages={1286-1290},
doi={10.1109/FSKD.2010.5569116},
art_number={5569116},
note={cited By 12},
url={https://www.scopus.com/inward/record.uri?eid=2-s2.0-78649277328&doi=10.1109%2fFSKD.2010.5569116&partnerID=40&md5=a217f6d8b203491cdc445e5b20997fd3},
document_type={Conference Paper},
source={Scopus},
}

@ARTICLE{Farquad2010461,
author={Farquad, M.A.H. and Ravi, V. and Raju, S.B.},
title={Rule extraction from support vector machine using modified active learning based approach: An application to CRM},
journal={Lecture Notes in Computer Science (including subseries Lecture Notes in Artificial Intelligence and Lecture Notes in Bioinformatics)},
year={2010},
volume={6276 LNAI},
number={PART 1},
pages={461-470},
doi={10.1007/978-3-642-15387-7_50},
note={cited By 5},
url={https://www.scopus.com/inward/record.uri?eid=2-s2.0-78449259260&doi=10.1007%2f978-3-642-15387-7_50&partnerID=40&md5=d8bbf9258e8ec94d70b66f70de6dcdcc},
document_type={Conference Paper},
source={Scopus},
}

@INPROCEEDINGS{Yean20101180,
author={Yean, L.C. and Khoo, V.K.T.},
title={Customer relationship management: Computer-assisted tools for customer lifetime value prediction},
journal={Proceedings 2010 International Symposium on Information Technology - System Development and Application and Knowledge Society, ITSim'10},
year={2010},
volume={3},
pages={1180-1185},
doi={10.1109/ITSIM.2010.5561487},
art_number={5561487},
note={cited By 1},
url={https://www.scopus.com/inward/record.uri?eid=2-s2.0-78049413634&doi=10.1109%2fITSIM.2010.5561487&partnerID=40&md5=e6a1bd4fdf21c3058122197e860ebdaf},
document_type={Conference Paper},
source={Scopus},
}

@ARTICLE{Risselada2010198,
author={Risselada, H. and Verhoef, P.C. and Bijmolt, T.H.A.},
title={Staying Power of Churn Prediction Models},
journal={Journal of Interactive Marketing},
year={2010},
volume={24},
number={3},
pages={198-208},
doi={10.1016/j.intmar.2010.04.002},
note={cited By 35},
url={https://www.scopus.com/inward/record.uri?eid=2-s2.0-77955637474&doi=10.1016%2fj.intmar.2010.04.002&partnerID=40&md5=0aa16676b280d7a1c575b9a83cfb855d},
document_type={Article},
source={Scopus},
}

@INPROCEEDINGS{KhakAbi2010220,
author={KhakAbi, S. and Gholamian, M.R. and Namvar, M.},
title={Data mining applications in customer churn management},
journal={ISMS 2010 - UKSim/AMSS 1st International Conference on Intelligent Systems, Modelling and Simulation},
year={2010},
pages={220-225},
doi={10.1109/ISMS.2010.49},
art_number={5416090},
note={cited By 6},
url={https://www.scopus.com/inward/record.uri?eid=2-s2.0-77950931842&doi=10.1109%2fISMS.2010.49&partnerID=40&md5=0c2e97cb109a11a75535a21dd291a3e7},
document_type={Conference Paper},
source={Scopus},
}

@ARTICLE{Tsai20102006,
author={Tsai, C.-F. and Chen, M.-Y.},
title={Variable selection by association rules for customer churn prediction of multimedia on demand},
journal={Expert Systems with Applications},
year={2010},
volume={37},
number={3},
pages={2006-2015},
doi={10.1016/j.eswa.2009.06.076},
note={cited By 57},
url={https://www.scopus.com/inward/record.uri?eid=2-s2.0-70449521306&doi=10.1016%2fj.eswa.2009.06.076&partnerID=40&md5=7ab475089d02936a011235466949c7ae},
document_type={Article},
source={Scopus},
}

@ARTICLE{Coussement20102132,
author={Coussement, K. and Benoit, D.F. and Van den Poel, D.},
title={Improved marketing decision making in a customer churn prediction context using generalized additive models},
journal={Expert Systems with Applications},
year={2010},
volume={37},
number={3},
pages={2132-2143},
doi={10.1016/j.eswa.2009.07.029},
note={cited By 57},
url={https://www.scopus.com/inward/record.uri?eid=2-s2.0-70449526531&doi=10.1016%2fj.eswa.2009.07.029&partnerID=40&md5=ca8dc90b46100bf7221a9f770e295878},
document_type={Article},
source={Scopus},
}

@ARTICLE{Tsai201028,
author={Tsai, C.-F. and Lu, Y.-H.},
title={Data mining techniques in customer churn prediction},
journal={Recent Patents on Computer Science},
year={2010},
volume={3},
number={1},
pages={28-32},
doi={10.2174/1874479611003010028},
note={cited By 8},
url={https://www.scopus.com/inward/record.uri?eid=2-s2.0-78651594058&doi=10.2174%2f1874479611003010028&partnerID=40&md5=81295d31ef7889d6b7fadb25e7ae7dc0},
document_type={Article},
source={Scopus},
}

@ARTICLE{Thomas201041,
author={Thomas, L.C.},
title={Consumer finance: Challenges for operational research},
journal={Journal of the Operational Research Society},
year={2010},
volume={61},
number={1},
pages={41-52},
doi={10.1057/jors.2009.104},
note={cited By 29},
url={https://www.scopus.com/inward/record.uri?eid=2-s2.0-71749107984&doi=10.1057%2fjors.2009.104&partnerID=40&md5=fed9b0d5075669948e407929557d0b9d},
document_type={Article},
source={Scopus},
}

@ARTICLE{Farquad2009390,
author={Farquad, M.A.H. and Ravi, V. and Raju, S.B.},
title={Data mining using rules extracted from SVM: An application to churn prediction in bank credit cards},
journal={Lecture Notes in Computer Science (including subseries Lecture Notes in Artificial Intelligence and Lecture Notes in Bioinformatics)},
year={2009},
volume={5908 LNAI},
pages={390-397},
doi={10.1007/978-3-642-10646-0_47},
note={cited By 7},
url={https://www.scopus.com/inward/record.uri?eid=2-s2.0-76649127457&doi=10.1007%2f978-3-642-10646-0_47&partnerID=40&md5=fb3be08e9131f7ce53dadeb82dddd3dd},
document_type={Conference Paper},
source={Scopus},
}

@ARTICLE{Lessmann2009520,
author={Lessmann, S. and Voß, S.},
title={A reference model for customer-centric data mining with support vector machines},
journal={European Journal of Operational Research},
year={2009},
volume={199},
number={2},
pages={520-530},
doi={10.1016/j.ejor.2008.12.017},
note={cited By 56},
url={https://www.scopus.com/inward/record.uri?eid=2-s2.0-67349201687&doi=10.1016%2fj.ejor.2008.12.017&partnerID=40&md5=60d54270af73f4e419b80f07d2180808},
document_type={Article},
source={Scopus},
}

@ARTICLE{Benoit200910475,
author={Benoit, D.F. and Van den Poel, D.},
title={Benefits of quantile regression for the analysis of customer lifetime value in a contractual setting: An application in financial services},
journal={Expert Systems with Applications},
year={2009},
volume={36},
number={7},
pages={10475-10484},
doi={10.1016/j.eswa.2009.01.031},
note={cited By 54},
url={https://www.scopus.com/inward/record.uri?eid=2-s2.0-67349144993&doi=10.1016%2fj.eswa.2009.01.031&partnerID=40&md5=8d293c02755a939b1799e65a9a695f18},
document_type={Article},
source={Scopus},
}

@ARTICLE{Glady2009402,
author={Glady, N. and Baesens, B. and Croux, C.},
title={Modeling churn using customer lifetime value},
journal={European Journal of Operational Research},
year={2009},
volume={197},
number={1},
pages={402-411},
doi={10.1016/j.ejor.2008.06.027},
note={cited By 90},
url={https://www.scopus.com/inward/record.uri?eid=2-s2.0-59649108544&doi=10.1016%2fj.ejor.2008.06.027&partnerID=40&md5=d828bb6c3a31ebbe6e976e9f7cb9d986},
document_type={Article},
source={Scopus},
}

@ARTICLE{Nassiri-Mofakham2009248,
author={Nassiri-Mofakham, F. and Nematbakhsh, M.A. and Baraani-Dastjerdi, A. and Ghasem-Aghaee, N.},
title={Electronic promotion to new customers using mkNN learning},
journal={Information Sciences},
year={2009},
volume={179},
number={3},
pages={248-266},
doi={10.1016/j.ins.2008.09.019},
note={cited By 5},
url={https://www.scopus.com/inward/record.uri?eid=2-s2.0-55949113604&doi=10.1016%2fj.ins.2008.09.019&partnerID=40&md5=4967ec69c1a7efc8f5aa05b4fcf18995},
document_type={Article},
source={Scopus},
}

@ARTICLE{Xie20095445,
author={Xie, Y. and Li, X. and Ngai, E.W.T. and Ying, W.},
title={Customer churn prediction using improved balanced random forests},
journal={Expert Systems with Applications},
year={2009},
volume={36},
number={3 PART 1},
pages={5445-5449},
doi={10.1016/j.eswa.2008.06.121},
note={cited By 172},
url={https://www.scopus.com/inward/record.uri?eid=2-s2.0-58349116623&doi=10.1016%2fj.eswa.2008.06.121&partnerID=40&md5=9e49470b9a792f0929b5f3439304d8ba},
document_type={Article},
source={Scopus},
}

@ARTICLE{Lima20091096,
author={Lima, E. and Mues, C. and Baesens, B.},
title={Domain knowledge integration in data mining using decision tables: Case studies in churn prediction},
journal={Journal of the Operational Research Society},
year={2009},
volume={60},
number={8},
pages={1096-1106},
doi={10.1057/jors.2008.161},
note={cited By 40},
url={https://www.scopus.com/inward/record.uri?eid=2-s2.0-68149172842&doi=10.1057%2fjors.2008.161&partnerID=40&md5=2d46317de356c5399f049d3a2c9bbbb8},
document_type={Article},
source={Scopus},
}

@ARTICLE{Coussement20096127,
author={Coussement, K. and Poel, D.V.d.},
title={Improving customer attrition prediction by integrating emotions from client/company interaction emails and evaluating multiple classifiers},
journal={Expert Systems with Applications},
year={2009},
volume={36},
number={3 PART 2},
pages={6127-6134},
doi={10.1016/j.eswa.2008.07.021},
note={cited By 76},
url={https://www.scopus.com/inward/record.uri?eid=2-s2.0-58349110712&doi=10.1016%2fj.eswa.2008.07.021&partnerID=40&md5=f1bbeabde58298a866e4a84ad65bc5b2},
document_type={Article},
source={Scopus},
}

@ARTICLE{Burez20094626,
author={Burez, J. and Van den Poel, D.},
title={Handling class imbalance in customer churn prediction},
journal={Expert Systems with Applications},
year={2009},
volume={36},
number={3 PART 1},
pages={4626-4636},
doi={10.1016/j.eswa.2008.05.027},
note={cited By 227},
url={https://www.scopus.com/inward/record.uri?eid=2-s2.0-58349098976&doi=10.1016%2fj.eswa.2008.05.027&partnerID=40&md5=c18ce68db471b5f7716e60c2b894dcc0},
document_type={Article},
source={Scopus},
}

@INPROCEEDINGS{Hongmei2008181,
author={Hongmei, S. and Gaofeng, Z. and Fengxian, A.},
title={Construction of Bayesian classifiers with GA for predicting customer retention},
journal={Proceedings - 4th International Conference on Natural Computation, ICNC 2008},
year={2008},
volume={1},
pages={181-185},
doi={10.1109/ICNC.2008.724},
art_number={4666835},
note={cited By 1},
url={https://www.scopus.com/inward/record.uri?eid=2-s2.0-57649149014&doi=10.1109%2fICNC.2008.724&partnerID=40&md5=1e4f3e8233e15bac89374cadb8415064},
document_type={Conference Paper},
source={Scopus},
}

@ARTICLE{Burez2008497,
author={Burez, J. and Van den Poel, D.},
title={Separating financial from commercial customer churn: A modeling step towards resolving the conflict between the sales and credit department},
journal={Expert Systems with Applications},
year={2008},
volume={35},
number={1-2},
pages={497-514},
doi={10.1016/j.eswa.2007.07.036},
note={cited By 26},
url={https://www.scopus.com/inward/record.uri?eid=2-s2.0-44949150276&doi=10.1016%2fj.eswa.2007.07.036&partnerID=40&md5=11a935880b16052c143da3c6ccd9639d},
document_type={Article},
source={Scopus},
}

@ARTICLE{Coussement2008313,
author={Coussement, K. and Van den Poel, D.},
title={Churn prediction in subscription services: An application of support vector machines while comparing two parameter-selection techniques},
journal={Expert Systems with Applications},
year={2008},
volume={34},
number={1},
pages={313-327},
doi={10.1016/j.eswa.2006.09.038},
note={cited By 227},
url={https://www.scopus.com/inward/record.uri?eid=2-s2.0-34248524002&doi=10.1016%2fj.eswa.2006.09.038&partnerID=40&md5=39afd3028c1ec14930fbcf244d8d08a5},
document_type={Article},
source={Scopus},
}

@ARTICLE{Donkers2007163,
author={Donkers, B. and Verhoef, P.C. and de Jong, M.G.},
title={Modeling CLV: A test of competing models in the insurance industry},
journal={Quantitative Marketing and Economics},
year={2007},
volume={5},
number={2},
pages={163-190},
doi={10.1007/s11129-006-9016-y},
note={cited By 70},
url={https://www.scopus.com/inward/record.uri?eid=2-s2.0-34250680968&doi=10.1007%2fs11129-006-9016-y&partnerID=40&md5=856ee8d66590861c632268cd19fcede0},
document_type={Article},
source={Scopus},
}

@ARTICLE{Burez2007277,
author={Burez, J. and Van den Poel, D.},
title={CRM at a pay-TV company: Using analytical models to reduce customer attrition by targeted marketing for subscription services},
journal={Expert Systems with Applications},
year={2007},
volume={32},
number={2},
pages={277-288},
doi={10.1016/j.eswa.2005.11.037},
note={cited By 96},
url={https://www.scopus.com/inward/record.uri?eid=2-s2.0-33750429921&doi=10.1016%2fj.eswa.2005.11.037&partnerID=40&md5=1807989a8ad20066146e730a32462828},
document_type={Article},
source={Scopus},
}

@ARTICLE{Buckinx2007125,
author={Buckinx, W. and Verstraeten, G. and Van den Poel, D.},
title={Predicting customer loyalty using the internal transactional database},
journal={Expert Systems with Applications},
year={2007},
volume={32},
number={1},
pages={125-134},
doi={10.1016/j.eswa.2005.11.004},
note={cited By 47},
url={https://www.scopus.com/inward/record.uri?eid=2-s2.0-33748140219&doi=10.1016%2fj.eswa.2005.11.004&partnerID=40&md5=201bc1882e97cf3352993592c66ea8e4},
document_type={Article},
source={Scopus},
}

@ARTICLE{Lemmens2006276,
author={Lemmens, A. and Croux, C.},
title={Bagging and boosting classification trees to predict churn},
journal={Journal of Marketing Research},
year={2006},
volume={43},
number={2},
pages={276-286},
doi={10.1509/jmkr.43.2.276},
note={cited By 196},
url={https://www.scopus.com/inward/record.uri?eid=2-s2.0-33744526493&doi=10.1509%2fjmkr.43.2.276&partnerID=40&md5=c4c55820d798903c9a0ed542ab1cc866},
document_type={Article},
source={Scopus},
}

@ARTICLE{Larivière2005472,
author={Larivière, B. and Van Den Poel, D.},
title={Predicting customer retention and profitability by using random forests and regression forests techniques},
journal={Expert Systems with Applications},
year={2005},
volume={29},
number={2},
pages={472-484},
doi={10.1016/j.eswa.2005.04.043},
note={cited By 161},
url={https://www.scopus.com/inward/record.uri?eid=2-s2.0-22144481002&doi=10.1016%2fj.eswa.2005.04.043&partnerID=40&md5=16f91208c2ec3e66a7e3e05b38d04486},
document_type={Article},
source={Scopus},
}

@ARTICLE{Buckinx2005252,
author={Buckinx, W. and Van Den Poel, D.},
title={Customer base analysis: Partial defection of behaviourally loyal clients in a non-contractual FMCG retail setting},
journal={European Journal of Operational Research},
year={2005},
volume={164},
number={1},
pages={252-268},
doi={10.1016/j.ejor.2003.12.010},
note={cited By 195},
url={https://www.scopus.com/inward/record.uri?eid=2-s2.0-10444274107&doi=10.1016%2fj.ejor.2003.12.010&partnerID=40&md5=185aab9fe62f3954a63311cdc0215a26},
document_type={Article},
source={Scopus},
}

@ARTICLE{Au2003532,
author={Au, W.-H. and Chan, C.C. and Yao, X.},
title={A novel evolutionary data mining algorithm with applications to churn prediction},
journal={IEEE Transactions on Evolutionary Computation},
year={2003},
volume={7},
number={6},
pages={532-544},
doi={10.1109/TEVC.2003.819264},
note={cited By 223},
url={https://www.scopus.com/inward/record.uri?eid=2-s2.0-0345872225&doi=10.1109%2fTEVC.2003.819264&partnerID=40&md5=8347770a219d5f47eefec1378782f4c4},
document_type={Article},
source={Scopus},
}

@BOOK{Buckinx2002509,
author={Buckinx, W. and Baesens, B. and Van Den Poel, D. and Van Kenhove, P. and Vanthienen, J.},
title={Using machine learning techniques to predict defection of top clients},
journal={Management Information Systems},
year={2002},
volume={6},
pages={509-517},
note={cited By 3},
url={https://www.scopus.com/inward/record.uri?eid=2-s2.0-2942670913&partnerID=40&md5=9a13071da6e9b82f2e2d1efe5cc5c406},
document_type={Conference Paper},
source={Scopus},
}

@ARTICLE{Wei2002103,
author={Wei, C.-P. and Chiu, I.-T.},
title={Turning telecommunications call details to churn prediction: A data mining approach},
journal={Expert Systems with Applications},
year={2002},
volume={23},
number={2},
pages={103-112},
doi={10.1016/S0957-4174(02)00030-1},
note={cited By 249},
url={https://www.scopus.com/inward/record.uri?eid=2-s2.0-0036696364&doi=10.1016%2fS0957-4174%2802%2900030-1&partnerID=40&md5=37016d890618df488643f20f5b768f4d},
document_type={Article},
source={Scopus},
}
