@Article{Alboukaey2020,
  author = {N. Alboukaey and A. Joukhadar and N. Ghneim},
  title = {Dynamic behavior based churn prediction in mobile telecom},
  journal = {Expert Systems with Applications},
  year = {2020},
  volume = {162},
  doi = {10.1016/j.eswa.2020.113779},
  abstract = {Customer churn is one of the most challenging problems that affects revenue and customer base in mobile telecom operators. The success of retention campaigns depends not only on the accuracy of predicting potential churners, but with equal importance, it depends on the timing when the prediction is done. Previous works related to churn prediction presented models to predict churn monthly with a focus on the static behavior of customers, and even the studies that considered the dynamic behavior of the customer, looked mainly at the monthly level behavior. However, customer behavior is susceptible to changes over days of month, and during the time leading up to a customer decision to churn, he/she starts behaving differently. Therefore, considering monthly behavioral features negatively affects the predictive performance, because it ignores changes in behavior over days of month. Moreover, predicting churners on monthly basis will be late for customers who decided to leave at the beginning of the month because they will not be detected as churners until the next month. To address these issues, in this paper, we propose daily churn prediction instead of monthly based on the daily dynamic behavior of customer instead of his monthly one. More precisely, we represent customer's daily behavior as multivariate time series and propose four models to predict churn daily based on this representation. Two models depend on features extracted from the multivariate time series, namely RFM-based model and statistics-based model. While the other models, exploit deep learning techniques for automatic feature extraction, namely LSTM-based model and CNN-based model. The predictive performance of the proposed models were investigated by evaluating them using a 150-day-long dataset collected from MTN operator in the country. The results showed that the daily models significantly outperform the monthly models in terms of predicting churners earlier and more accurately. Furthermore, the LSTM-based model significantly outperforms the CNN-based model. However, the prediction performances of the LSTM-based and the CNN-based models are equal to the prediction performance of the RFM-based model. Moreover, all of these three models significantly outperform the Statistics-based model},
  art_number = {113779},
  note = {cited By 0},
  url = {https://www.scopus.com/inward/record.uri?eid=2-s2.0-85088820633&doi=10.1016%2fj.eswa.2020.113779&partnerID=40&md5=f5ff210f542409b9a64a8317147edfd0},
  document_type = {Article},
  source = {Scopus},
}

@Article{Choi2020,
  author = {J. Choi and J. Yoon and J. Chung and B.-Y. Coh and J.-M. Lee},
  title = {Social media analytics and business intelligence research: A systematic review},
  journal = {Information Processing and Management},
  year = {2020},
  volume = {57},
  number = {6},
  doi = {10.1016/j.ipm.2020.102279},
  art_number = {102279},
  note = {cited By 0},
  url = {https://www.scopus.com/inward/record.uri?eid=2-s2.0-85086513143&doi=10.1016%2fj.ipm.2020.102279&partnerID=40&md5=ef05c7df37c2797fb09b1cfbae7c98aa},
  document_type = {Article},
  source = {Scopus},
}

@Article{Cho20201183,
  author = {P. Cho and M. Lee and W. Chang},
  title = {Instance-based entropy fuzzy support vector machine for imbalanced data},
  journal = {Pattern Analysis and Applications},
  year = {2020},
  volume = {23},
  number = {3},
  pages = {1183-1202},
  doi = {10.1007/s10044-019-00851-x},
  note = {cited By 0},
  url = {https://www.scopus.com/inward/record.uri?eid=2-s2.0-85074559684&doi=10.1007%2fs10044-019-00851-x&partnerID=40&md5=ce3c320bccb9cab668e4b820ea0fc540},
  document_type = {Article},
  source = {Scopus},
}

@Article{Guan2020,
  author = {J. Guan and C. Tang and J. Ou},
  title = {The Portrait Depiction of the Market Members Based on Data Mining},
  journal = {International Journal of Pattern Recognition and Artificial Intelligence},
  year = {2020},
  volume = {34},
  number = {7},
  doi = {10.1142/S0218001420590247},
  art_number = {2059024},
  note = {cited By 0},
  url = {https://www.scopus.com/inward/record.uri?eid=2-s2.0-85074209680&doi=10.1142%2fS0218001420590247&partnerID=40&md5=3adc0fe6beeeca80b0c79eb81ee3442d},
  document_type = {Article},
  source = {Scopus},
}

@Article{Shukla2020,
  author = {A.K. Shukla and P.K. Muhuri and A. Abraham},
  title = {A bibliometric analysis and cutting-edge overview on fuzzy techniques in Big Data},
  journal = {Engineering Applications of Artificial Intelligence},
  year = {2020},
  volume = {92},
  doi = {10.1016/j.engappai.2020.103625},
  art_number = {103625},
  note = {cited By 0},
  url = {https://www.scopus.com/inward/record.uri?eid=2-s2.0-85083760391&doi=10.1016%2fj.engappai.2020.103625&partnerID=40&md5=54fa581b9d342693719d326da24c7663},
  document_type = {Article},
  source = {Scopus},
}

@Article{Beggs2020263,
  author = {C. Beggs and A.J. Bond},
  title = {A CUSUM tool for retrospectively evaluating team performance: the case of the English Premier League},
  journal = {Sport, Business and Management: An International Journal},
  year = {2020},
  volume = {10},
  number = {3},
  pages = {263-289},
  doi = {10.1108/SBM-03-2019-0025},
  note = {cited By 0},
  url = {https://www.scopus.com/inward/record.uri?eid=2-s2.0-85083770285&doi=10.1108%2fSBM-03-2019-0025&partnerID=40&md5=3f0ea9fee83b587d05902cc1a670450b},
  document_type = {Article},
  source = {Scopus},
}

@Article{Liu20201465,
  author = {X. Liu and M. Xie and X. Wen and R. Chen and Y. Ge and N. Duffield and N. Wang},
  title = {Micro- and macro-level churn analysis of large-scale mobile games},
  journal = {Knowledge and Information Systems},
  year = {2020},
  volume = {62},
  number = {4},
  pages = {1465-1496},
  doi = {10.1007/s10115-019-01394-7},
  note = {cited By 0},
  url = {https://www.scopus.com/inward/record.uri?eid=2-s2.0-85071340809&doi=10.1007%2fs10115-019-01394-7&partnerID=40&md5=69c822a79570120254aa0d0a5d8afe03},
  document_type = {Article},
  source = {Scopus},
}

@Article{DeCaigny2020,
  author = {A. {De Caigny} and K. Coussement and K.W. {De Bock}},
  title = {Leveraging fine-grained transaction data for customer life event predictions},
  journal = {Decision Support Systems},
  year = {2020},
  volume = {130},
  doi = {10.1016/j.dss.2019.113232},
  art_number = {113232},
  note = {cited By 0},
  url = {https://www.scopus.com/inward/record.uri?eid=2-s2.0-85077169316&doi=10.1016%2fj.dss.2019.113232&partnerID=40&md5=3da136e08ed42e3a5aff2d776dba12a3},
  document_type = {Article},
  source = {Scopus},
}

@Article{Seal2020,
  author = {A. Seal and A. Karlekar and O. Krejcar and C. Gonzalo-Martin},
  title = {Fuzzy c-means clustering using Jeffreys-divergence based similarity measure},
  journal = {Applied Soft Computing Journal},
  year = {2020},
  volume = {88},
  doi = {10.1016/j.asoc.2019.106016},
  art_number = {106016},
  note = {cited By 0},
  url = {https://www.scopus.com/inward/record.uri?eid=2-s2.0-85076739200&doi=10.1016%2fj.asoc.2019.106016&partnerID=40&md5=64dc265fcfe18f62928c81ab71f31b07},
  document_type = {Article},
  source = {Scopus},
}

@Article{Sun20205439,
  author = {X. Sun and J. He},
  title = {A novel approach to generate a large scale of supervised data for short text sentiment analysis},
  journal = {Multimedia Tools and Applications},
  year = {2020},
  volume = {79},
  number = {9-10},
  pages = {5439-5459},
  doi = {10.1007/s11042-018-5748-4},
  note = {cited By 1},
  url = {https://www.scopus.com/inward/record.uri?eid=2-s2.0-85041900911&doi=10.1007%2fs11042-018-5748-4&partnerID=40&md5=892b28eca41da55a0e8be41557956bcf},
  document_type = {Article},
  source = {Scopus},
}

@Article{Alweshah20201,
  author = {M. Alweshah and E. Ramadan and M.H. Ryalat and M. Almi'ani and A.I. Hammouri},
  title = {Water evaporation algorithm with probabilistic neural network for solving classification problems},
  journal = {Jordanian Journal of Computers and Information Technology},
  year = {2020},
  volume = {6},
  number = {1},
  pages = {1-15},
  doi = {10.5455/jjcit.71-1566466063},
  note = {cited By 3},
  url = {https://www.scopus.com/inward/record.uri?eid=2-s2.0-85081245234&doi=10.5455%2fjjcit.71-1566466063&partnerID=40&md5=e68272f5f96c8d1c0c07fe5c15d331f4},
  document_type = {Article},
  source = {Scopus},
}

@Article{Li2020749,
  author = {G. Li and Z. Lin and H. Wang and X. Wei},
  title = {A Discriminative Approach to Sentiment Classification},
  journal = {Neural Processing Letters},
  year = {2020},
  volume = {51},
  number = {1},
  pages = {749-758},
  doi = {10.1007/s11063-019-10108-7},
  note = {cited By 0},
  url = {https://www.scopus.com/inward/record.uri?eid=2-s2.0-85073933302&doi=10.1007%2fs11063-019-10108-7&partnerID=40&md5=5a7cf255d24d381ad22b61727fc700dc},
  document_type = {Article},
  source = {Scopus},
}

@Article{Schaeffer2020,
  author = {S.E. Schaeffer and S.V. {Rodriguez Sanchez}},
  title = {Forecasting client retention â€” A machine-learning approach},
  journal = {Journal of Retailing and Consumer Services},
  year = {2020},
  volume = {52},
  doi = {10.1016/j.jretconser.2019.101918},
  art_number = {101918},
  note = {cited By 0},
  url = {https://www.scopus.com/inward/record.uri?eid=2-s2.0-85071747344&doi=10.1016%2fj.jretconser.2019.101918&partnerID=40&md5=5a6c40b743eb0473d5aaa83ef89f1ed3},
  document_type = {Article},
  source = {Scopus},
}

@Article{Devriendt2020,
  author = {F. Devriendt and J. Berrevoets and W. Verbeke},
  title = {Why you should stop predicting customer churn and start using uplift models},
  journal = {Information Sciences},
  year = {2020},
  doi = {10.1016/j.ins.2019.12.075},
  note = {cited By 1},
  url = {https://www.scopus.com/inward/record.uri?eid=2-s2.0-85077973878&doi=10.1016%2fj.ins.2019.12.075&partnerID=40&md5=8fdb7b1e8502ecf7847b9a4f4c70cc02},
  document_type = {Article},
  source = {Scopus},
}

@Article{Xie2020,
  author = {S.-M. Xie and C.-Y. Huang},
  title = {Systematic comparisons of customer base prediction accuracy: Pareto/NBD versus neural network},
  journal = {Asia Pacific Journal of Marketing and Logistics},
  year = {2020},
  doi = {10.1108/APJML-09-2019-0520},
  note = {cited By 0},
  url = {https://www.scopus.com/inward/record.uri?eid=2-s2.0-85084464436&doi=10.1108%2fAPJML-09-2019-0520&partnerID=40&md5=f8b7b5e82f9aedacea27c8d6b70f3337},
  document_type = {Article},
  source = {Scopus},
}

@Article{Routh2020,
  author = {P. Routh and A. Roy and J. Meyer},
  title = {Estimating customer churn under competing risks},
  journal = {Journal of the Operational Research Society},
  year = {2020},
  doi = {10.1080/01605682.2020.1776166},
  note = {cited By 0},
  url = {https://www.scopus.com/inward/record.uri?eid=2-s2.0-85089172546&doi=10.1080%2f01605682.2020.1776166&partnerID=40&md5=691c8d7d2bd671b5556b37b3d746385b},
  document_type = {Article},
  source = {Scopus},
}

@Article{Wang202039747,
  author = {G. Wang and N. Wu},
  title = {A Comparative Study on Contract Recommendation Model: Using Macao Mobile Phone Datasets},
  journal = {IEEE Access},
  year = {2020},
  volume = {8},
  pages = {39747-39757},
  doi = {10.1109/ACCESS.2020.2975029},
  art_number = {9004530},
  note = {cited By 0},
  url = {https://www.scopus.com/inward/record.uri?eid=2-s2.0-85081533520&doi=10.1109%2fACCESS.2020.2975029&partnerID=40&md5=41e82463f7476a82da19dc8d194dcfe1},
  document_type = {Article},
  source = {Scopus},
}

@Article{Libai2020,
  author = {B. Libai and Y. Bart and S. Gensler and C.F. Hofacker and A. Kaplan and K. KÃ¶tterheinrich and E.B. Kroll},
  title = {Brave New World? On AI and the Management of Customer Relationships},
  journal = {Journal of Interactive Marketing},
  year = {2020},
  doi = {10.1016/j.intmar.2020.04.002},
  note = {cited By 5},
  url = {https://www.scopus.com/inward/record.uri?eid=2-s2.0-85084706173&doi=10.1016%2fj.intmar.2020.04.002&partnerID=40&md5=d5d27bf41a646b35c3f94741201f65ae},
  document_type = {Article},
  source = {Scopus},
}

@Article{Singh2020355,
  author = {D. Singh and D.S. Sisodia and P. Singh},
  title = {Multi-objective evolutionary approach for the performance improvement of learners using ensembling feature selection and discretization technique on medical data},
  journal = {Current Medical Imaging Reviews},
  year = {2020},
  volume = {16},
  number = {4},
  pages = {355-370},
  doi = {10.2174/1573405614666180903114534},
  note = {cited By 1},
  url = {https://www.scopus.com/inward/record.uri?eid=2-s2.0-85083074046&doi=10.2174%2f1573405614666180903114534&partnerID=40&md5=389091326f2eca73c456203a18ee5b44},
  document_type = {Article},
  source = {Scopus},
}

@Article{Jegierski2020125191,
  author = {H. Jegierski and S. Saganowski},
  title = {An 'Outside the Box' Solution for Imbalanced Data Classification},
  journal = {IEEE Access},
  year = {2020},
  volume = {8},
  pages = {125191-125209},
  doi = {10.1109/ACCESS.2020.3007801},
  art_number = {9136875},
  note = {cited By 0},
  url = {https://www.scopus.com/inward/record.uri?eid=2-s2.0-85088702545&doi=10.1109%2fACCESS.2020.3007801&partnerID=40&md5=854719330c8d155e4330a1afcd79ade3},
  document_type = {Article},
  source = {Scopus},
}

@Article{Madichetty2019,
  author = {S. Madichetty and M. Sridevi},
  title = {Disaster damage assessment from the tweets using the combination of statistical features and informative words},
  journal = {Social Network Analysis and Mining},
  year = {2019},
  volume = {9},
  number = {1},
  doi = {10.1007/s13278-019-0579-5},
  art_number = {42},
  note = {cited By 4},
  url = {https://www.scopus.com/inward/record.uri?eid=2-s2.0-85070236946&doi=10.1007%2fs13278-019-0579-5&partnerID=40&md5=a2df568af21e955e0768d0f1dbd7d681},
  document_type = {Article},
  source = {Scopus},
}

@Article{Khodabandelou201912153,
  author = {G. Khodabandelou and M.M. Ebadzadeh},
  title = {Fuzzy neural network with support vector-based learning for classification and regression},
  journal = {Soft Computing},
  year = {2019},
  volume = {23},
  number = {23},
  pages = {12153-12168},
  doi = {10.1007/s00500-019-04116-x},
  note = {cited By 2},
  url = {https://www.scopus.com/inward/record.uri?eid=2-s2.0-85067248773&doi=10.1007%2fs00500-019-04116-x&partnerID=40&md5=5ec3e71a8e34aa842a42906366322de4},
  document_type = {Article},
  source = {Scopus},
}

@Article{Khan2019128,
  author = {W.A. Khan and S.H. Chung and M.U. Awan and X. Wen},
  title = {Machine learning facilitated business intelligence (Part II): Neural networks optimization techniques and applications},
  journal = {Industrial Management and Data Systems},
  year = {2019},
  volume = {120},
  number = {1},
  pages = {128-163},
  doi = {10.1108/IMDS-06-2019-0351},
  note = {cited By 1},
  url = {https://www.scopus.com/inward/record.uri?eid=2-s2.0-85077615166&doi=10.1108%2fIMDS-06-2019-0351&partnerID=40&md5=c64130e65da2fb69de0ed50185e7799d},
  document_type = {Article},
  source = {Scopus},
}

@Article{Wilson2019495,
  author = {R.D. Wilson and H. Bettis-Outland},
  title = {Can artificial neural network models be used to improve the analysis of B2B marketing research data?},
  journal = {Journal of Business and Industrial Marketing},
  year = {2019},
  volume = {35},
  number = {3},
  pages = {495-507},
  doi = {10.1108/JBIM-01-2019-0060},
  note = {cited By 0},
  url = {https://www.scopus.com/inward/record.uri?eid=2-s2.0-85074881699&doi=10.1108%2fJBIM-01-2019-0060&partnerID=40&md5=dc0e68c0cd0aa22bc48f196df309a6c8},
  document_type = {Article},
  source = {Scopus},
}

@Article{Guajardo20192808,
  author = {J.A. Guajardo},
  title = {How Do Usage and Payment Behavior Interact in Rent-to-Own Business Models? Evidence from Developing Economies},
  journal = {Production and Operations Management},
  year = {2019},
  volume = {28},
  number = {11},
  pages = {2808-2822},
  doi = {10.1111/poms.13067},
  note = {cited By 1},
  url = {https://www.scopus.com/inward/record.uri?eid=2-s2.0-85070703924&doi=10.1111%2fpoms.13067&partnerID=40&md5=1af2fa95c03d1f41a6ba8e1f9da273e0},
  document_type = {Article},
  source = {Scopus},
}

@Article{Han2019,
  author = {J.-W. Han and Q.-X. Li and H.-R. Wu and H.-J. Zhu and Y.-L. Song},
  title = {Prediction of cooling efficiency of forced-air precooling systems based on optimized differential evolution and improved BP neural network},
  journal = {Applied Soft Computing Journal},
  year = {2019},
  volume = {84},
  doi = {10.1016/j.asoc.2019.105733},
  art_number = {105733},
  note = {cited By 2},
  url = {https://www.scopus.com/inward/record.uri?eid=2-s2.0-85071073925&doi=10.1016%2fj.asoc.2019.105733&partnerID=40&md5=548b459d71047e587e158fc49870aa6f},
  document_type = {Article},
  source = {Scopus},
}

@Article{Vijaya201910757,
  author = {J. Vijaya and E. Sivasankar},
  title = {An efficient system for customer churn prediction through particle swarm optimization based feature selection model with simulated annealing},
  journal = {Cluster Computing},
  year = {2019},
  volume = {22},
  pages = {10757-10768},
  doi = {10.1007/s10586-017-1172-1},
  note = {cited By 3},
  url = {https://www.scopus.com/inward/record.uri?eid=2-s2.0-85029590990&doi=10.1007%2fs10586-017-1172-1&partnerID=40&md5=0cdf0762dcb8609b08e03c5d87ee9553},
  document_type = {Article},
  source = {Scopus},
}

@Article{Yu2019701,
  author = {H. Yu and D. Sun and X. Xi and X. Yang and S. Zheng and Q. Wang},
  title = {Fuzzy One-Class Extreme Auto-encoder},
  journal = {Neural Processing Letters},
  year = {2019},
  volume = {50},
  number = {1},
  pages = {701-727},
  doi = {10.1007/s11063-018-9952-z},
  note = {cited By 1},
  url = {https://www.scopus.com/inward/record.uri?eid=2-s2.0-85055966708&doi=10.1007%2fs11063-018-9952-z&partnerID=40&md5=7b024003c6e79fb29a4fd4b500402e57},
  document_type = {Article},
  source = {Scopus},
}

@Article{Aaldering2019301,
  author = {L.J. Aaldering and J. Leker and C.H. Song},
  title = {Analysis of technological knowledge stock and prediction of its future development potential: The case of lithium-ion batteries},
  journal = {Journal of Cleaner Production},
  year = {2019},
  volume = {223},
  pages = {301-311},
  doi = {10.1016/j.jclepro.2019.03.174},
  note = {cited By 4},
  url = {https://www.scopus.com/inward/record.uri?eid=2-s2.0-85063257054&doi=10.1016%2fj.jclepro.2019.03.174&partnerID=40&md5=f7ab6f788078d0cc64dcbe8cabf7a394},
  document_type = {Article},
  source = {Scopus},
}

@Article{Wang2019,
  author = {C. Wang and D. Han and W. Fan and Q. Liu},
  title = {Customer Churn Prediction with Feature Embedded Convolutional Neural Network: An Empirical Study in the Internet Funds Industry},
  journal = {International Journal of Computational Intelligence and Applications},
  year = {2019},
  volume = {18},
  number = {1},
  doi = {10.1142/S1469026819500032},
  art_number = {1950003},
  note = {cited By 1},
  url = {https://www.scopus.com/inward/record.uri?eid=2-s2.0-85062899516&doi=10.1142%2fS1469026819500032&partnerID=40&md5=7d2c43300948284dba48078f186fa1ac},
  document_type = {Article},
  source = {Scopus},
}

@Article{IsabellaAmali2019170,
  author = {A. {Isabella Amali} and R. Arunkumar and S. Mohan},
  title = {Comparing and evaluating machine learning algorithms for predicting customer churn in telecommunication industry},
  journal = {Journal of Advanced Research in Dynamical and Control Systems},
  year = {2019},
  volume = {11},
  number = {6 Special Issue},
  pages = {170-178},
  note = {cited By 0},
  url = {https://www.scopus.com/inward/record.uri?eid=2-s2.0-85069461015&partnerID=40&md5=34c642dfee9a1664de92a742d5666d43},
  document_type = {Article},
  source = {Scopus},
}

@Article{Deng201993,
  author = {W. Deng and L. Deng and J. Liu and J. Qi},
  title = {Sampling method based on improved C4.5 decision tree and its application in prediction of telecom customer churn},
  journal = {International Journal of Information Technology and Management},
  year = {2019},
  volume = {18},
  number = {1},
  pages = {93-109},
  doi = {10.1504/IJITM.2019.097887},
  note = {cited By 0},
  url = {https://www.scopus.com/inward/record.uri?eid=2-s2.0-85062196011&doi=10.1504%2fIJITM.2019.097887&partnerID=40&md5=eaa8b630c9bdcd59fba9ec3fc1e0e0b5},
  document_type = {Article},
  source = {Scopus},
}

@Article{Li20192575,
  author = {Y. Li and J. Wei and K. Kang and Z. Wu},
  title = {An efficient noise-filtered ensemble model for customer churn analysis in aviation industry},
  journal = {Journal of Intelligent and Fuzzy Systems},
  year = {2019},
  volume = {37},
  number = {2},
  pages = {2575-2585},
  doi = {10.3233/JIFS-182807},
  note = {cited By 0},
  url = {https://www.scopus.com/inward/record.uri?eid=2-s2.0-85072214139&doi=10.3233%2fJIFS-182807&partnerID=40&md5=1410f8cd9e0668e748070ccaf828db74},
  document_type = {Article},
  source = {Scopus},
}

@Article{Saklani2019252,
  author = {S. Saklani and S. Neware},
  title = {An experimental analysis of churn prediction techniques on real time datasets},
  journal = {International Journal of Innovative Technology and Exploring Engineering},
  year = {2019},
  volume = {8},
  number = {8 Special Issue 3},
  pages = {252-257},
  note = {cited By 0},
  url = {https://www.scopus.com/inward/record.uri?eid=2-s2.0-85070702397&partnerID=40&md5=dfce8231a806e8f9404f8712a1a85b6c},
  document_type = {Article},
  source = {Scopus},
}

@Article{Tang201929193,
  author = {W. Tang and Z. Ding and M. Zhou},
  title = {A Spammer Identification Method for Class Imbalanced Weibo Datasets},
  journal = {IEEE Access},
  year = {2019},
  volume = {7},
  pages = {29193-29201},
  doi = {10.1109/ACCESS.2019.2901756},
  art_number = {8662765},
  note = {cited By 8},
  url = {https://www.scopus.com/inward/record.uri?eid=2-s2.0-85064705420&doi=10.1109%2fACCESS.2019.2901756&partnerID=40&md5=e569aab48775c8a962631526d169f656},
  document_type = {Article},
  source = {Scopus},
}

@Article{Mutlu20192344,
  author = {A. Mutlu and F. GÃ¶z and O. Akbulut},
  title = {LFit: An unsupervised discretization method based on the Ramerâ€“Douglasâ€“Peucker algorithm},
  journal = {Turkish Journal of Electrical Engineering and Computer Sciences},
  year = {2019},
  volume = {27},
  number = {3},
  pages = {2344-2360},
  doi = {10.3906/elk-1806-192},
  note = {cited By 0},
  url = {https://www.scopus.com/inward/record.uri?eid=2-s2.0-85065850322&doi=10.3906%2felk-1806-192&partnerID=40&md5=0a227a8aabcd3079f4d74b05a47ed93e},
  document_type = {Article},
  source = {Scopus},
}

@Article{Lai201958,
  author = {C.S. Lai and Y. Tao and F. Xu and W.W.Y. Ng and Y. Jia and H. Yuan and C. Huang and L.L. Lai and Z. Xu and G. Locatelli},
  title = {A robust correlation analysis framework for imbalanced and dichotomous data with uncertainty},
  journal = {Information Sciences},
  year = {2019},
  volume = {470},
  pages = {58-77},
  doi = {10.1016/j.ins.2018.08.017},
  note = {cited By 14},
  url = {https://www.scopus.com/inward/record.uri?eid=2-s2.0-85052523409&doi=10.1016%2fj.ins.2018.08.017&partnerID=40&md5=9a31d1b09c90d1c93af0e48de0cbb2d6},
  document_type = {Article},
  source = {Scopus},
}

@Article{Vinayakumar201941525,
  author = {R. Vinayakumar and M. Alazab and K.P. Soman and P. Poornachandran and A. Al-Nemrat and S. Venkatraman},
  title = {Deep Learning Approach for Intelligent Intrusion Detection System},
  journal = {IEEE Access},
  year = {2019},
  volume = {7},
  pages = {41525-41550},
  doi = {10.1109/ACCESS.2019.2895334},
  art_number = {6287639},
  note = {cited By 71},
  url = {https://www.scopus.com/inward/record.uri?eid=2-s2.0-85064860273&doi=10.1109%2fACCESS.2019.2895334&partnerID=40&md5=d193bb54adc9c9e42bce838e977cd7bb},
  document_type = {Article},
  source = {Scopus},
}

@Article{Sohrabi2019,
  author = {M.K. Sohrabi and F. Hemmatian},
  title = {An efficient preprocessing method for supervised sentiment analysis by converting sentences to numerical vectors: a twitter case study},
  journal = {Multimedia Tools and Applications},
  year = {2019},
  doi = {10.1007/s11042-019-7586-4},
  note = {cited By 4},
  url = {https://www.scopus.com/inward/record.uri?eid=2-s2.0-85065711569&doi=10.1007%2fs11042-019-7586-4&partnerID=40&md5=a330f54df9bf34d7683deb1e8f04e40c},
  document_type = {Article},
  source = {Scopus},
}

@Article{Yang2019106784,
  author = {Y. Yang and Q. Zeng and G. Yin and L. Wan},
  title = {Vibration Test of Single Coal Gangue Particle Directly Impacting the Metal Plate and the Study of Coal Gangue Recognition Based on Vibration Signal and Stacking Integration},
  journal = {IEEE Access},
  year = {2019},
  volume = {7},
  pages = {106784-106805},
  doi = {10.1109/ACCESS.2019.2932118},
  art_number = {8782521},
  note = {cited By 4},
  url = {https://www.scopus.com/inward/record.uri?eid=2-s2.0-85071101361&doi=10.1109%2fACCESS.2019.2932118&partnerID=40&md5=077d2108c61efdf6d8267a0d19f0a2d1},
  document_type = {Article},
  source = {Scopus},
}

@Article{Kaya2018,
  author = {E. Kaya and X. Dong and Y. Suhara and S. Balcisoy and B. Bozkaya and A.S. Pentland},
  title = {Behavioral attributes and financial churn prediction},
  journal = {EPJ Data Science},
  year = {2018},
  volume = {7},
  number = {1},
  doi = {10.1140/epjds/s13688-018-0165-5},
  art_number = {41},
  note = {cited By 6},
  url = {https://www.scopus.com/inward/record.uri?eid=2-s2.0-85055138402&doi=10.1140%2fepjds%2fs13688-018-0165-5&partnerID=40&md5=5fdc67ed13172cebe8bbb22b069f6b18},
  document_type = {Article},
  source = {Scopus},
}

@Article{Karumur20181241,
  author = {R.P. Karumur and T.T. Nguyen and J.A. Konstan},
  title = {Personality, User Preferences and Behavior in Recommender systems},
  journal = {Information Systems Frontiers},
  year = {2018},
  volume = {20},
  number = {6},
  pages = {1241-1265},
  doi = {10.1007/s10796-017-9800-0},
  note = {cited By 10},
  url = {https://www.scopus.com/inward/record.uri?eid=2-s2.0-85029408718&doi=10.1007%2fs10796-017-9800-0&partnerID=40&md5=7409bbb95a75c87c94c09fbfb18c51b2},
  document_type = {Article},
  source = {Scopus},
}

@Article{Li201899,
  author = {Z. Li and Y. Zhu and T. Zhen and C. Zhu},
  title = {Research on grain storage temperature prediction model based on time series method},
  journal = {IPPTA: Quarterly Journal of Indian Pulp and Paper Technical Association},
  year = {2018},
  volume = {30},
  number = {4},
  pages = {99-100},
  note = {cited By 0},
  url = {https://www.scopus.com/inward/record.uri?eid=2-s2.0-85057346284&partnerID=40&md5=3f41fc13861dcf30fd51f6874627f49a},
  document_type = {Article},
  source = {Scopus},
}

@Article{Duan20183151,
  author = {X. Duan and Y. Wang and W. Pedrycz and X. Liu and C. Wang and Z. Li},
  title = {AFSNN: A Classification Algorithm Using Axiomatic Fuzzy Sets and Neural Networks},
  journal = {IEEE Transactions on Fuzzy Systems},
  year = {2018},
  volume = {26},
  number = {5},
  pages = {3151-3163},
  doi = {10.1109/TFUZZ.2017.2788875},
  art_number = {8244313},
  note = {cited By 7},
  url = {https://www.scopus.com/inward/record.uri?eid=2-s2.0-85040088696&doi=10.1109%2fTFUZZ.2017.2788875&partnerID=40&md5=c427637f68ced4d8059e7e41f03f0b9f},
  document_type = {Article},
  source = {Scopus},
}

@Article{Kappe2018415,
  author = {E. Kappe and A. {Stadler Blank} and W.S. DeSarbo},
  title = {A random coefficients mixture hidden Markov model for marketing research},
  journal = {International Journal of Research in Marketing},
  year = {2018},
  volume = {35},
  number = {3},
  pages = {415-431},
  doi = {10.1016/j.ijresmar.2018.07.002},
  note = {cited By 1},
  url = {https://www.scopus.com/inward/record.uri?eid=2-s2.0-85053376044&doi=10.1016%2fj.ijresmar.2018.07.002&partnerID=40&md5=9628ae00cf74b1a26399689e27e53e1d},
  document_type = {Article},
  source = {Scopus},
}

@Article{Lismont201822,
  author = {J. Lismont and S. Ram and J. Vanthienen and W. Lemahieu and B. Baesens},
  title = {Predicting interpurchase time in a retail environment using customer-product networks: An empirical study and evaluation},
  journal = {Expert Systems with Applications},
  year = {2018},
  volume = {104},
  pages = {22-32},
  doi = {10.1016/j.eswa.2018.03.016},
  note = {cited By 4},
  url = {https://www.scopus.com/inward/record.uri?eid=2-s2.0-85044140749&doi=10.1016%2fj.eswa.2018.03.016&partnerID=40&md5=487356d54a9c546bceb6538cf3a26790},
  document_type = {Article},
  source = {Scopus},
}

@Article{Rachid20182367,
  author = {A.D. Rachid and A. Abdellah and B. Belaid and L. Rachid},
  title = {Clustering prediction techniques in defining and predicting customers defection: The case of e-commerce context},
  journal = {International Journal of Electrical and Computer Engineering},
  year = {2018},
  volume = {8},
  number = {4},
  pages = {2367-2383},
  doi = {10.11591/ijece.v8i4.pp2367-2383},
  note = {cited By 3},
  url = {https://www.scopus.com/inward/record.uri?eid=2-s2.0-85049575364&doi=10.11591%2fijece.v8i4.pp2367-2383&partnerID=40&md5=fbc5a997b985e4dd5a84bc90fe9d2e1d},
  document_type = {Article},
  source = {Scopus},
}

@Article{Srinivasan2018443,
  author = {S. Srinivasan and T. Kamalakannan},
  title = {Multi Criteria Decision Making in Financial Risk Management with a Multi-objective Genetic Algorithm},
  journal = {Computational Economics},
  year = {2018},
  volume = {52},
  number = {2},
  pages = {443-457},
  doi = {10.1007/s10614-017-9683-7},
  note = {cited By 5},
  url = {https://www.scopus.com/inward/record.uri?eid=2-s2.0-85018440020&doi=10.1007%2fs10614-017-9683-7&partnerID=40&md5=68dab08ccebe53d3642f9ef3f94cd99b},
  document_type = {Article},
  source = {Scopus},
}

@Article{Li20182355,
  author = {M. Li and Q. Dai},
  title = {A novel knowledge-leverage-based transfer learning algorithm},
  journal = {Applied Intelligence},
  year = {2018},
  volume = {48},
  number = {8},
  pages = {2355-2372},
  doi = {10.1007/s10489-017-1084-z},
  note = {cited By 5},
  url = {https://www.scopus.com/inward/record.uri?eid=2-s2.0-85033491522&doi=10.1007%2fs10489-017-1084-z&partnerID=40&md5=60aae723b2bbf56b873cdfec23fe0a01},
  document_type = {Article},
  source = {Scopus},
}

@Article{Obajemu20181565,
  author = {O. Obajemu and M. Mahfouf and J.W.F. Catto},
  title = {A New Fuzzy Modeling Framework for Integrated Risk Prognosis and Therapy of Bladder Cancer Patients},
  journal = {IEEE Transactions on Fuzzy Systems},
  year = {2018},
  volume = {26},
  number = {3},
  pages = {1565-1577},
  doi = {10.1109/TFUZZ.2017.2735939},
  note = {cited By 8},
  url = {https://www.scopus.com/inward/record.uri?eid=2-s2.0-85029159545&doi=10.1109%2fTFUZZ.2017.2735939&partnerID=40&md5=ae57dbc2319245584e5e49865856d598},
  document_type = {Article},
  source = {Scopus},
}

@Article{Chiang2018177,
  author = {L.-L.L. Chiang and C.-S. Yang},
  title = {Does country-of-origin brand personality generate retail customer lifetime value? A Big Data analytics approach},
  journal = {Technological Forecasting and Social Change},
  year = {2018},
  volume = {130},
  pages = {177-187},
  doi = {10.1016/j.techfore.2017.06.034},
  note = {cited By 7},
  url = {https://www.scopus.com/inward/record.uri?eid=2-s2.0-85026468186&doi=10.1016%2fj.techfore.2017.06.034&partnerID=40&md5=892d181e5bf5e65d91b3c13298317294},
  document_type = {Article},
  source = {Scopus},
}

@Article{Kitchens2018540,
  author = {B. Kitchens and D. Dobolyi and J. Li and A. Abbasi},
  title = {Advanced Customer Analytics: Strategic Value Through Integration of Relationship-Oriented Big Data},
  journal = {Journal of Management Information Systems},
  year = {2018},
  volume = {35},
  number = {2},
  pages = {540-574},
  doi = {10.1080/07421222.2018.1451957},
  note = {cited By 19},
  url = {https://www.scopus.com/inward/record.uri?eid=2-s2.0-85047254729&doi=10.1080%2f07421222.2018.1451957&partnerID=40&md5=153e6cfaf5ece007a16e737b5f669192},
  document_type = {Article},
  source = {Scopus},
}

@Article{Ye2018565,
  author = {R. Ye and Q. Dai},
  title = {A Novel Greedy Randomized Dynamic Ensemble Selection Algorithm},
  journal = {Neural Processing Letters},
  year = {2018},
  volume = {47},
  number = {2},
  pages = {565-599},
  doi = {10.1007/s11063-017-9670-y},
  note = {cited By 4},
  url = {https://www.scopus.com/inward/record.uri?eid=2-s2.0-85023183275&doi=10.1007%2fs11063-017-9670-y&partnerID=40&md5=725676285de28b181659a075470488b3},
  document_type = {Article},
  source = {Scopus},
}

@Article{Ascarza201880,
  author = {E. Ascarza},
  title = {Retention futility: Targeting high-risk customers might be ineffective},
  journal = {Journal of Marketing Research},
  year = {2018},
  volume = {55},
  number = {1},
  pages = {80-98},
  doi = {10.1509/jmr.16.0163},
  note = {cited By 26},
  url = {https://www.scopus.com/inward/record.uri?eid=2-s2.0-85044060586&doi=10.1509%2fjmr.16.0163&partnerID=40&md5=756ba9955654c455fa1adf97c38aa27c},
  document_type = {Article},
  source = {Scopus},
}

@Article{Garrido2018154,
  author = {F. Garrido and W. Verbeke and C. Bravo},
  title = {A Robust profit measure for binary classification model evaluation},
  journal = {Expert Systems with Applications},
  year = {2018},
  volume = {92},
  pages = {154-160},
  doi = {10.1016/j.eswa.2017.09.045},
  note = {cited By 5},
  url = {https://www.scopus.com/inward/record.uri?eid=2-s2.0-85029799011&doi=10.1016%2fj.eswa.2017.09.045&partnerID=40&md5=3d4e4c9978a66b23dc792966006d43e2},
  document_type = {Article},
  source = {Scopus},
}

@Article{Ding2018136,
  author = {W. Ding and C.-T. Lin and S. Chen and X. Zhang and B. Hu},
  title = {Multiagent-consensus-MapReduce-based attribute reduction using co-evolutionary quantum PSO for big data applications},
  journal = {Neurocomputing},
  year = {2018},
  volume = {272},
  pages = {136-153},
  doi = {10.1016/j.neucom.2017.06.059},
  note = {cited By 22},
  url = {https://www.scopus.com/inward/record.uri?eid=2-s2.0-85023638265&doi=10.1016%2fj.neucom.2017.06.059&partnerID=40&md5=e8978ef7b64c6205fefad605ae289171},
  document_type = {Article},
  source = {Scopus},
}

@Article{Zhu201849,
  author = {B. Zhu and B. Baesens and A. Backiel and S.K.L.M. {Vanden Broucke}},
  title = {Benchmarking sampling techniques for imbalance learning in churn prediction},
  journal = {Journal of the Operational Research Society},
  year = {2018},
  volume = {69},
  number = {1},
  pages = {49-65},
  doi = {10.1057/s41274-016-0176-1},
  note = {cited By 10},
  url = {https://www.scopus.com/inward/record.uri?eid=2-s2.0-85014521443&doi=10.1057%2fs41274-016-0176-1&partnerID=40&md5=5ddbf41b96d3783cb2669e046a627506},
  document_type = {Article},
  source = {Scopus},
}

@Article{Chattopadhyay201873,
  author = {M. Chattopadhyay and A.K. Garg and S.K. Mitra},
  title = {Herding by Foreign Institutional Investors: An Evidential Exploration for Persistence and Predictability},
  journal = {Journal of Behavioral Finance},
  year = {2018},
  volume = {19},
  number = {1},
  pages = {73-88},
  doi = {10.1080/15427560.2017.1373282},
  note = {cited By 1},
  url = {https://www.scopus.com/inward/record.uri?eid=2-s2.0-85031496085&doi=10.1080%2f15427560.2017.1373282&partnerID=40&md5=a86bc324c8acf739561f88736c09b78f},
  document_type = {Article},
  source = {Scopus},
}

@Article{Anuradha2018598,
  author = {T. Anuradha and T. {Lakshmi Surekha}},
  title = {Identifying attrition causing products using RFM analysis},
  journal = {Journal of Advanced Research in Dynamical and Control Systems},
  year = {2018},
  volume = {10},
  number = {7 Special Issue},
  pages = {598-604},
  note = {cited By 1},
  url = {https://www.scopus.com/inward/record.uri?eid=2-s2.0-85050012736&partnerID=40&md5=d6d054914d86d3923abc08b14c72d0c5},
  document_type = {Article},
  source = {Scopus},
}

@Article{Sun2018200,
  author = {G. Sun and P. Ma and J. Ren and A. Zhang and X. Jia},
  title = {A stability constrained adaptive alpha for gravitational search algorithm},
  journal = {Knowledge-Based Systems},
  year = {2018},
  volume = {139},
  pages = {200-213},
  doi = {10.1016/j.knosys.2017.10.018},
  note = {cited By 43},
  url = {https://www.scopus.com/inward/record.uri?eid=2-s2.0-85032363496&doi=10.1016%2fj.knosys.2017.10.018&partnerID=40&md5=208fedaca1605d513b1d1ea1063eabef},
  document_type = {Article},
  source = {Scopus},
}

@Article{Bogaert2017274,
  author = {M. Bogaert and M. Ballings and M. Hosten and D. {Van Den Poel}},
  title = {Identifying soccer players on facebook through predictive analytics},
  journal = {Decision Analysis},
  year = {2017},
  volume = {14},
  number = {4},
  pages = {274-297},
  doi = {10.1287/deca.2017.0354},
  note = {cited By 4},
  url = {https://www.scopus.com/inward/record.uri?eid=2-s2.0-85039860015&doi=10.1287%2fdeca.2017.0354&partnerID=40&md5=5de884f6337c7a082d80cc20e3bfd383},
  document_type = {Article},
  source = {Scopus},
}

@Article{Liu2017,
  author = {J. Liu and B. Liu and Y. Liu and H. Chen and L. Feng and H. Xiong and Y. Huang},
  title = {Personalized air travel prediction: A multi-factor perspective},
  journal = {ACM Transactions on Intelligent Systems and Technology},
  year = {2017},
  volume = {9},
  number = {3},
  doi = {10.1145/3078845},
  art_number = {30},
  note = {cited By 4},
  url = {https://www.scopus.com/inward/record.uri?eid=2-s2.0-85041447678&doi=10.1145%2f3078845&partnerID=40&md5=e38364ea7758cfab53734ee6fe59bcfe},
  document_type = {Article},
  source = {Scopus},
}

@Article{Goswami20174015,
  author = {A. Goswami and A. Kumar},
  title = {Challenges in the Analysis of Online Social Networks: A Data Collection Tool Perspective},
  journal = {Wireless Personal Communications},
  year = {2017},
  volume = {97},
  number = {3},
  pages = {4015-4061},
  doi = {10.1007/s11277-017-4712-3},
  note = {cited By 4},
  url = {https://www.scopus.com/inward/record.uri?eid=2-s2.0-85027709494&doi=10.1007%2fs11277-017-4712-3&partnerID=40&md5=baf8d823a8e3da5348e43062d241cc9e},
  document_type = {Article},
  source = {Scopus},
}

@Article{Dingli2017128,
  author = {A. Dingli and V. Marmara and N.S. Fournier},
  title = {Comparison of deep learning algorithms to predict customer churn within a local retail industry},
  journal = {International Journal of Machine Learning and Computing},
  year = {2017},
  volume = {7},
  number = {5},
  pages = {128-132},
  doi = {10.18178/ijmlc.2017.7.5.634},
  note = {cited By 2},
  url = {https://www.scopus.com/inward/record.uri?eid=2-s2.0-85035056443&doi=10.18178%2fijmlc.2017.7.5.634&partnerID=40&md5=91894c2c5e3daa59e9d4131b58254a59},
  document_type = {Article},
  source = {Scopus},
}

@Article{Xiao2017236,
  author = {J. Xiao and H. Cao and X. Jiang and X. Gu and L. Xie},
  title = {GMDH-based semi-supervised feature selection for customer classification},
  journal = {Knowledge-Based Systems},
  year = {2017},
  volume = {132},
  pages = {236-248},
  doi = {10.1016/j.knosys.2017.06.018},
  note = {cited By 19},
  url = {https://www.scopus.com/inward/record.uri?eid=2-s2.0-85021642407&doi=10.1016%2fj.knosys.2017.06.018&partnerID=40&md5=28636749f81d7cbcf2a14184270d4a29},
  document_type = {Article},
  source = {Scopus},
}

@Article{Barfar2017115,
  author = {A. Barfar and B. Padmanabhan and A. Hevner},
  title = {Applying behavioral economics in predictive analytics for B2B churn: Findings from service quality data},
  journal = {Decision Support Systems},
  year = {2017},
  volume = {101},
  pages = {115-127},
  doi = {10.1016/j.dss.2017.06.006},
  note = {cited By 2},
  url = {https://www.scopus.com/inward/record.uri?eid=2-s2.0-85024367714&doi=10.1016%2fj.dss.2017.06.006&partnerID=40&md5=da30bec3a341ebf661c1cff8b0599303},
  document_type = {Article},
  source = {Scopus},
}

@Article{Wu20171620,
  author = {B. Wu and B.M. Wilamowski},
  title = {A fast density and grid based clustering method for data with arbitrary shapes and noise},
  journal = {IEEE Transactions on Industrial Informatics},
  year = {2017},
  volume = {13},
  number = {4},
  pages = {1620-1628},
  doi = {10.1109/TII.2016.2628747},
  art_number = {7744455},
  note = {cited By 29},
  url = {https://www.scopus.com/inward/record.uri?eid=2-s2.0-85029709772&doi=10.1109%2fTII.2016.2628747&partnerID=40&md5=28267eca97bf91546477e33a5cf998c5},
  document_type = {Article},
  source = {Scopus},
}

@Article{Amin2017242,
  author = {A. Amin and S. Anwar and A. Adnan and M. Nawaz and K. Alawfi and A. Hussain and K. Huang},
  title = {Customer churn prediction in the telecommunication sector using a rough set approach},
  journal = {Neurocomputing},
  year = {2017},
  volume = {237},
  pages = {242-254},
  doi = {10.1016/j.neucom.2016.12.009},
  note = {cited By 53},
  url = {https://www.scopus.com/inward/record.uri?eid=2-s2.0-85013466990&doi=10.1016%2fj.neucom.2016.12.009&partnerID=40&md5=3d0253ea63bf9e85b2ed53e3e28d4fa7},
  document_type = {Article},
  source = {Scopus},
}

@Article{Coussement201727,
  author = {K. Coussement and S. Lessmann and G. Verstraeten},
  title = {A comparative analysis of data preparation algorithms for customer churn prediction: A case study in the telecommunication industry},
  journal = {Decision Support Systems},
  year = {2017},
  volume = {95},
  pages = {27-36},
  doi = {10.1016/j.dss.2016.11.007},
  note = {cited By 39},
  url = {https://www.scopus.com/inward/record.uri?eid=2-s2.0-85028254431&doi=10.1016%2fj.dss.2016.11.007&partnerID=40&md5=c8cc915bc9e03e087b55217f83087dab},
  document_type = {Article},
  source = {Scopus},
}

@Article{Khodabandehlou201765,
  author = {S. Khodabandehlou and M. {Zivari Rahman}},
  title = {Comparison of supervised machine learning techniques for customer churn prediction based on analysis of customer behavior},
  journal = {Journal of Systems and Information Technology},
  year = {2017},
  volume = {19},
  number = {1-2},
  pages = {65-93},
  doi = {10.1108/JSIT-10-2016-0061},
  note = {cited By 14},
  url = {https://www.scopus.com/inward/record.uri?eid=2-s2.0-85031815301&doi=10.1108%2fJSIT-10-2016-0061&partnerID=40&md5=be7e649d6706d8f8742a16999ac0e334},
  document_type = {Article},
  source = {Scopus},
}

@Article{Almohammadi201747,
  author = {K. Almohammadi and H. Hagras and D. Alghazzawi and G. Aldabbagh},
  title = {A survey of artificial intelligence techniques employed for adaptive educational systems within e-learning platforms},
  journal = {Journal of Artificial Intelligence and Soft Computing Research},
  year = {2017},
  volume = {7},
  number = {1},
  pages = {47-64},
  doi = {10.1515/jaiscr-2017-0004},
  note = {cited By 48},
  url = {https://www.scopus.com/inward/record.uri?eid=2-s2.0-85009820303&doi=10.1515%2fjaiscr-2017-0004&partnerID=40&md5=6ddbf7f702dee7198da042e4588195e4},
  document_type = {Article},
  source = {Scopus},
}

@Article{Zhao201611,
  author = {X. Zhao and Q. Lin and J. Chen and X. Wang and J. Yu and Z. Ming},
  title = {Optimizing security and quality of service in a Real-time database system using Multi-objective genetic algorithm},
  journal = {Expert Systems with Applications},
  year = {2016},
  volume = {64},
  pages = {11-23},
  doi = {10.1016/j.eswa.2016.07.023},
  note = {cited By 12},
  url = {https://www.scopus.com/inward/record.uri?eid=2-s2.0-84979255160&doi=10.1016%2fj.eswa.2016.07.023&partnerID=40&md5=70a6a3ca303113211d2f92fef1e0680c},
  document_type = {Article},
  source = {Scopus},
}

@Article{Ma2016,
  author = {S. Ma and X. Li and Y. Wang},
  title = {Classification of gene expression data using multiobjective differential evolution},
  journal = {Energies},
  year = {2016},
  volume = {9},
  number = {12},
  doi = {10.3390/en9121061},
  art_number = {1061},
  note = {cited By 1},
  url = {https://www.scopus.com/inward/record.uri?eid=2-s2.0-85021213369&doi=10.3390%2fen9121061&partnerID=40&md5=1b8c1f85c185c18ae9cb6e377f8574dc},
  document_type = {Article},
  source = {Scopus},
}

@Article{Xue2016606,
  author = {B. Xue and M. Zhang and W.N. Browne and X. Yao},
  title = {A Survey on Evolutionary Computation Approaches to Feature Selection},
  journal = {IEEE Transactions on Evolutionary Computation},
  year = {2016},
  volume = {20},
  number = {4},
  pages = {606-626},
  doi = {10.1109/TEVC.2015.2504420},
  art_number = {7339682},
  note = {cited By 460},
  url = {https://www.scopus.com/inward/record.uri?eid=2-s2.0-84982830440&doi=10.1109%2fTEVC.2015.2504420&partnerID=40&md5=3c43a953fb6b88cb0e9fabebcd90ba2e},
  document_type = {Article},
  source = {Scopus},
}

@Article{Karakaya20161424,
  author = {G. Karakaya and S. Galelli and S.D. Ahipasaoglu and R. Taormina},
  title = {Identifying (Quasi) Equally Informative Subsets in Feature Selection Problems for Classification: A Max-Relevance Min-Redundancy Approach},
  journal = {IEEE Transactions on Cybernetics},
  year = {2016},
  volume = {46},
  number = {6},
  pages = {1424-1437},
  doi = {10.1109/TCYB.2015.2444435},
  art_number = {7150365},
  note = {cited By 18},
  url = {https://www.scopus.com/inward/record.uri?eid=2-s2.0-84936084171&doi=10.1109%2fTCYB.2015.2444435&partnerID=40&md5=2d613b304e35a5d7ff330e645dc1ea22},
  document_type = {Article},
  source = {Scopus},
}

@Article{Erlandsson2016,
  author = {F. Erlandsson and P. BrÃ³dka and A. Borg and H. Johnson},
  title = {Finding influential users in social media using association rule learning},
  journal = {Entropy},
  year = {2016},
  volume = {18},
  number = {5},
  doi = {10.3390/e18050164},
  art_number = {164},
  note = {cited By 38},
  url = {https://www.scopus.com/inward/record.uri?eid=2-s2.0-85009812338&doi=10.3390%2fe18050164&partnerID=40&md5=84f136127c205f4defddae5f4875cbac},
  document_type = {Article},
  source = {Scopus},
}

@Article{Ballings201615,
  author = {M. Ballings and D. {Van den Poel} and M. Bogaert},
  title = {Social media optimization: Identifying an optimal strategy for increasing network size on Facebook},
  journal = {Omega (United Kingdom)},
  year = {2016},
  volume = {59},
  pages = {15-25},
  doi = {10.1016/j.omega.2015.04.017},
  note = {cited By 13},
  url = {https://www.scopus.com/inward/record.uri?eid=2-s2.0-84949097599&doi=10.1016%2fj.omega.2015.04.017&partnerID=40&md5=03a94a8d72cc9e0c6637dbec037e5b10},
  document_type = {Article},
  source = {Scopus},
}

@Article{Bogaert201626,
  author = {M. Bogaert and M. Ballings and D. {Van Den Poel}},
  title = {The added value of Facebook friends data in event attendance prediction},
  journal = {Decision Support Systems},
  year = {2016},
  volume = {82},
  pages = {26-34},
  doi = {10.1016/j.dss.2015.11.003},
  note = {cited By 17},
  url = {https://www.scopus.com/inward/record.uri?eid=2-s2.0-84955360184&doi=10.1016%2fj.dss.2015.11.003&partnerID=40&md5=abdaab3307acc5446f4b52cfb98b70d7},
  document_type = {Article},
  source = {Scopus},
}

@Article{Tsai2016110,
  author = {C.-F. Tsai and Y.-H. Lu and Y.-C. Hung and D.C. Yen},
  title = {Intangible assets evaluation: The machine learning perspective},
  journal = {Neurocomputing},
  year = {2016},
  volume = {175},
  number = {PartA},
  pages = {110-120},
  doi = {10.1016/j.neucom.2015.10.041},
  note = {cited By 10},
  url = {https://www.scopus.com/inward/record.uri?eid=2-s2.0-84949485858&doi=10.1016%2fj.neucom.2015.10.041&partnerID=40&md5=2f4f3dc142840a04eb35b4542d626607},
  document_type = {Article},
  source = {Scopus},
}

@Article{Tamaddoni2016123,
  author = {A. Tamaddoni and S. Stakhovych and M. Ewing},
  title = {Comparing Churn Prediction Techniques and Assessing Their Performance: A Contingent Perspective},
  journal = {Journal of Service Research},
  year = {2016},
  volume = {19},
  number = {2},
  pages = {123-141},
  doi = {10.1177/1094670515616376},
  note = {cited By 10},
  url = {https://www.scopus.com/inward/record.uri?eid=2-s2.0-84962732986&doi=10.1177%2f1094670515616376&partnerID=40&md5=2d6894cfe9b888b5a8c13edfcab4b15a},
  document_type = {Article},
  source = {Scopus},
}

@Article{Gerpott20157917,
  author = {T.J. Gerpott and N. Ahmadi},
  title = {Regaining drifting mobile communication customers: Predicting the odds of success of winback efforts with competing risks regression},
  journal = {Expert Systems with Applications},
  year = {2015},
  volume = {42},
  number = {21},
  pages = {7917-7928},
  doi = {10.1016/j.eswa.2015.05.011},
  note = {cited By 7},
  url = {https://www.scopus.com/inward/record.uri?eid=2-s2.0-84934783375&doi=10.1016%2fj.eswa.2015.05.011&partnerID=40&md5=9e796214351bf5ad9571c1a9549dbc87},
  document_type = {Article},
  source = {Scopus},
}

@Article{Ballings20157046,
  author = {M. Ballings and D. {Van Den Poel} and N. Hespeels and R. Gryp},
  title = {Evaluating multiple classifiers for stock price direction prediction},
  journal = {Expert Systems with Applications},
  year = {2015},
  volume = {42},
  number = {20},
  pages = {7046-7056},
  doi = {10.1016/j.eswa.2015.05.013},
  note = {cited By 123},
  url = {https://www.scopus.com/inward/record.uri?eid=2-s2.0-84930652672&doi=10.1016%2fj.eswa.2015.05.013&partnerID=40&md5=a8495991d06cfc082177bcc27bf27628},
  document_type = {Article},
  source = {Scopus},
}

@Article{Coletta2015229,
  author = {L.F.S. Coletta and E.R. Hruschka and A. Acharya and J. Ghosh},
  title = {Using metaheuristics to optimize the combination of classifier and cluster ensembles},
  journal = {Integrated Computer-Aided Engineering},
  year = {2015},
  volume = {22},
  number = {3},
  pages = {229-242},
  doi = {10.3233/ICA-150485},
  note = {cited By 28},
  url = {https://www.scopus.com/inward/record.uri?eid=2-s2.0-84931081651&doi=10.3233%2fICA-150485&partnerID=40&md5=58844b7f3c95279ddd5818a0687e0b3f},
  document_type = {Article},
  source = {Scopus},
}

@Article{Xiao201529,
  author = {J. Xiao and Y. Xiao and A. Huang and D. Liu and S. Wang},
  title = {Feature-selection-based dynamic transfer ensemble model for customer churn prediction},
  journal = {Knowledge and Information Systems},
  year = {2015},
  volume = {43},
  number = {1},
  pages = {29-51},
  doi = {10.1007/s10115-013-0722-y},
  note = {cited By 29},
  url = {https://www.scopus.com/inward/record.uri?eid=2-s2.0-84891896379&doi=10.1007%2fs10115-013-0722-y&partnerID=40&md5=7e2fda11a5d6cfadc79d32e6febf0c67},
  document_type = {Article},
  source = {Scopus},
}

@Article{Moeyersoms201572,
  author = {J. Moeyersoms and D. Martens},
  title = {Including high-cardinality attributes in predictive models: A case study in churn prediction in the energy sector},
  journal = {Decision Support Systems},
  year = {2015},
  volume = {72},
  pages = {72-81},
  doi = {10.1016/j.dss.2015.02.007},
  note = {cited By 29},
  url = {https://www.scopus.com/inward/record.uri?eid=2-s2.0-84923583298&doi=10.1016%2fj.dss.2015.02.007&partnerID=40&md5=68dff34f5c179e4129457bf866d4226d},
  document_type = {Article},
  source = {Scopus},
}

@Article{Mahajan2015183,
  author = {V. Mahajan and R. Misra and R. Mahajan},
  title = {Review of data mining techniques for churn prediction in telecom},
  journal = {Journal of Information and Organizational Sciences},
  year = {2015},
  volume = {39},
  number = {2},
  pages = {183-197},
  note = {cited By 13},
  url = {https://www.scopus.com/inward/record.uri?eid=2-s2.0-84954065213&partnerID=40&md5=f907e68d2cf9b7ff0e558e5f6f8fd366},
  document_type = {Article},
  source = {Scopus},
}

@Article{Bose2015227,
  author = {I. Bose and X. Chen},
  title = {Detecting the migration of mobile service customers using fuzzy clustering},
  journal = {Information and Management},
  year = {2015},
  volume = {52},
  number = {2},
  pages = {227-238},
  doi = {10.1016/j.im.2014.11.001},
  note = {cited By 20},
  url = {https://www.scopus.com/inward/record.uri?eid=2-s2.0-85027941835&doi=10.1016%2fj.im.2014.11.001&partnerID=40&md5=07410827019a84a2a228f470b757a9b3},
  document_type = {Article},
  source = {Scopus},
}

@Article{Guo2015135,
  author = {H. Guo and P. Pathak and H.K. Cheng},
  title = {Estimating Social Influences from Social Networking Sites-Articulated Friendships versus Communication Interactions},
  journal = {Decision Sciences},
  year = {2015},
  volume = {46},
  number = {1},
  pages = {135-163},
  doi = {10.1111/deci.12118},
  note = {cited By 19},
  url = {https://www.scopus.com/inward/record.uri?eid=2-s2.0-84923351844&doi=10.1111%2fdeci.12118&partnerID=40&md5=fc119a8fea3212ef3c33891dce4dd06b},
  document_type = {Article},
  source = {Scopus},
}

@Article{Akhondzadeh-Noughabi20151976,
  author = {E. Akhondzadeh-Noughabi and A. Albadvi},
  title = {Mining the dominant patterns of customer shifts between segments by using top-k and distinguishing sequential rules},
  journal = {Management Decision},
  year = {2015},
  volume = {53},
  number = {9},
  pages = {1976-2003},
  doi = {10.1108/MD-09-2014-0551},
  note = {cited By 7},
  url = {https://www.scopus.com/inward/record.uri?eid=2-s2.0-84944738075&doi=10.1108%2fMD-09-2014-0551&partnerID=40&md5=52295865c279f3f430249715185cde58},
  document_type = {Article},
  source = {Scopus},
}

@Article{Tsai20151614,
  author = {J.-T. Tsai and K.-Y. Chiu and J.-H. Chou},
  title = {Performance Prediction and Sensitivity Analysis of SAW Gas Sensors},
  journal = {IEEE Access},
  year = {2015},
  volume = {3},
  pages = {1614-1619},
  doi = {10.1109/ACCESS.2015.2478789},
  art_number = {7272035},
  note = {cited By 6},
  url = {https://www.scopus.com/inward/record.uri?eid=2-s2.0-84961083376&doi=10.1109%2fACCESS.2015.2478789&partnerID=40&md5=767a5a640bb8036e83b072fc5c8aa77a},
  document_type = {Article},
  source = {Scopus},
}

@Article{Lee2014454,
  author = {S. Lee and B. Koo and K.-H. Jung},
  title = {Comparative study of dimension reduction methods for highly imbalanced overlapping churn data},
  journal = {Industrial Engineering and Management Systems},
  year = {2014},
  volume = {13},
  number = {4},
  pages = {454-462},
  doi = {10.7232/iems.2014.13.4.454},
  note = {cited By 0},
  url = {https://www.scopus.com/inward/record.uri?eid=2-s2.0-84923308872&doi=10.7232%2fiems.2014.13.4.454&partnerID=40&md5=18d7249c5a42e24467ef4f7908acd7cb},
  document_type = {Article},
  source = {Scopus},
}

@Article{Farquad201431,
  author = {M.A.H. Farquad and V. Ravi and S.B. Raju},
  title = {Churn prediction using comprehensible support vector machine: An analytical CRM application},
  journal = {Applied Soft Computing Journal},
  year = {2014},
  volume = {19},
  pages = {31-40},
  doi = {10.1016/j.asoc.2014.01.031},
  note = {cited By 68},
  url = {https://www.scopus.com/inward/record.uri?eid=2-s2.0-84896849083&doi=10.1016%2fj.asoc.2014.01.031&partnerID=40&md5=f44503912244ee9d9494f7c526fdf76e},
  document_type = {Article},
  source = {Scopus},
}

@Article{Benedek2014175,
  author = {G. Benedek and A. LublÃ³y and G. Vastag},
  title = {The importance of social embeddedness: Churn models at mobile providers},
  journal = {Decision Sciences},
  year = {2014},
  volume = {45},
  number = {1},
  pages = {175-201},
  doi = {10.1111/deci.12057},
  note = {cited By 16},
  url = {https://www.scopus.com/inward/record.uri?eid=2-s2.0-84893140408&doi=10.1111%2fdeci.12057&partnerID=40&md5=9b06a93f6b14b087ddf8d6b180c9b3e5},
  document_type = {Article},
  source = {Scopus},
}

@Article{Verbraken20143,
  author = {T. Verbraken and W. Verbeke and B. Baesens},
  title = {Profit optimizing customer churn prediction with Bayesian network classifiers},
  journal = {Intelligent Data Analysis},
  year = {2014},
  volume = {18},
  number = {1},
  pages = {3-24},
  doi = {10.3233/IDA-130625},
  note = {cited By 22},
  url = {https://www.scopus.com/inward/record.uri?eid=2-s2.0-84892749103&doi=10.3233%2fIDA-130625&partnerID=40&md5=9cf10e34a2eb7caf2f9fa52864983794},
  document_type = {Article},
  source = {Scopus},
}

@Article{Jahromi20141258,
  author = {A.T. Jahromi and S. Stakhovych and M. Ewing},
  title = {Managing B2B customer churn, retention and profitability},
  journal = {Industrial Marketing Management},
  year = {2014},
  volume = {43},
  number = {7},
  pages = {1258-1268},
  doi = {10.1016/j.indmarman.2014.06.016},
  note = {cited By 35},
  url = {https://www.scopus.com/inward/record.uri?eid=2-s2.0-84909998420&doi=10.1016%2fj.indmarman.2014.06.016&partnerID=40&md5=cc1e1bd161278037dc0cf325dacd9890},
  document_type = {Article},
  source = {Scopus},
}

@Article{Verbeke2014431,
  author = {W. Verbeke and D. Martens and B. Baesens},
  title = {Social network analysis for customer churn prediction},
  journal = {Applied Soft Computing Journal},
  year = {2014},
  volume = {14},
  number = {PART C},
  pages = {431-446},
  doi = {10.1016/j.asoc.2013.09.017},
  note = {cited By 68},
  url = {https://www.scopus.com/inward/record.uri?eid=2-s2.0-84889092660&doi=10.1016%2fj.asoc.2013.09.017&partnerID=40&md5=d1ea45f96754c44e3c9e04a987117f71},
  document_type = {Article},
  source = {Scopus},
}

@Article{Brandner2013581,
  author = {H. Brandner and S. Lessmann and S. VoÃŸ},
  title = {A memetic approach to construct transductive discrete support vector machines},
  journal = {European Journal of Operational Research},
  year = {2013},
  volume = {230},
  number = {3},
  pages = {581-595},
  doi = {10.1016/j.ejor.2013.05.010},
  note = {cited By 2},
  url = {https://www.scopus.com/inward/record.uri?eid=2-s2.0-84879507120&doi=10.1016%2fj.ejor.2013.05.010&partnerID=40&md5=33e8f42473ec2423b664f03d05919906},
  document_type = {Article},
  source = {Scopus},
}

@Article{Coussement20131629,
  author = {K. Coussement and K.W. {De Bock}},
  title = {Customer churn prediction in the online gambling industry: The beneficial effect of ensemble learning},
  journal = {Journal of Business Research},
  year = {2013},
  volume = {66},
  number = {9},
  pages = {1629-1636},
  doi = {10.1016/j.jbusres.2012.12.008},
  note = {cited By 50},
  url = {https://www.scopus.com/inward/record.uri?eid=2-s2.0-84878129482&doi=10.1016%2fj.jbusres.2012.12.008&partnerID=40&md5=df75daf3945dbac89260d10cbad36716},
  document_type = {Article},
  source = {Scopus},
}

@Article{Aghabayk2013581,
  author = {K. Aghabayk and N. Forouzideh and W. Young},
  title = {Exploring a local linear model tree approach to car-following},
  journal = {Computer-Aided Civil and Infrastructure Engineering},
  year = {2013},
  volume = {28},
  number = {8},
  pages = {581-593},
  doi = {10.1111/mice.12011},
  note = {cited By 10},
  url = {https://www.scopus.com/inward/record.uri?eid=2-s2.0-84880631779&doi=10.1111%2fmice.12011&partnerID=40&md5=315e0a52ebe21ec3401ddb98135c973d},
  document_type = {Article},
  source = {Scopus},
}

@Article{Ballings20132904,
  author = {M. Ballings and D. {Van Den Poel}},
  title = {Kernel Factory: An ensemble of kernel machines},
  journal = {Expert Systems with Applications},
  year = {2013},
  volume = {40},
  number = {8},
  pages = {2904-2913},
  doi = {10.1016/j.eswa.2012.12.007},
  note = {cited By 16},
  url = {https://www.scopus.com/inward/record.uri?eid=2-s2.0-84874656675&doi=10.1016%2fj.eswa.2012.12.007&partnerID=40&md5=6b550502bb9e526c8a917eb5c17cea25},
  document_type = {Article},
  source = {Scopus},
}

@Article{Kim20132198,
  author = {Y.S. Kim and H. Lee and J.D. Johnson},
  title = {Churn management optimization with controllable marketing variables and associated management costs},
  journal = {Expert Systems with Applications},
  year = {2013},
  volume = {40},
  number = {6},
  pages = {2198-2207},
  doi = {10.1016/j.eswa.2012.10.043},
  note = {cited By 5},
  url = {https://www.scopus.com/inward/record.uri?eid=2-s2.0-84872855007&doi=10.1016%2fj.eswa.2012.10.043&partnerID=40&md5=c0768c83a47b9f1ef124902b7f2f0ce6},
  document_type = {Article},
  source = {Scopus},
}

@Article{Chen2013123,
  author = {Z.-Y. Chen and Z.-P. Fan},
  title = {Dynamic customer lifetime value prediction using longitudinal data: An improved multiple kernel SVR approach},
  journal = {Knowledge-Based Systems},
  year = {2013},
  volume = {43},
  pages = {123-134},
  doi = {10.1016/j.knosys.2013.01.022},
  note = {cited By 13},
  url = {https://www.scopus.com/inward/record.uri?eid=2-s2.0-84875264607&doi=10.1016%2fj.knosys.2013.01.022&partnerID=40&md5=ad1820a260d101b510c126bb9641af30},
  document_type = {Article},
  source = {Scopus},
}

@Article{Wang2013357,
  author = {H.-Y. Wang and C. Liao and C.-H. Kao},
  title = {A credit assessment mechanism for wireless telecommunication debt collection: An empirical study},
  journal = {Information Systems and e-Business Management},
  year = {2013},
  volume = {11},
  number = {3},
  pages = {357-375},
  doi = {10.1007/s10257-012-0192-x},
  note = {cited By 5},
  url = {https://www.scopus.com/inward/record.uri?eid=2-s2.0-84880796685&doi=10.1007%2fs10257-012-0192-x&partnerID=40&md5=524d77012ec3fd59c288823cef902738},
  document_type = {Article},
  source = {Scopus},
}

@Article{Ballings201213517,
  author = {M. Ballings and D. {Van Den Poel}},
  title = {Customer event history for churn prediction: How long is long enough?},
  journal = {Expert Systems with Applications},
  year = {2012},
  volume = {39},
  number = {18},
  pages = {13517-13522},
  doi = {10.1016/j.eswa.2012.07.006},
  note = {cited By 29},
  url = {https://www.scopus.com/inward/record.uri?eid=2-s2.0-84865244941&doi=10.1016%2fj.eswa.2012.07.006&partnerID=40&md5=29c45cf57d7ba37e6804c1b17f385c5b},
  document_type = {Article},
  source = {Scopus},
}

@Article{Kim201213328,
  author = {K. Kim and J. Lee},
  title = {Sequential manifold learning for efficient churn prediction},
  journal = {Expert Systems with Applications},
  year = {2012},
  volume = {39},
  number = {18},
  pages = {13328-13337},
  doi = {10.1016/j.eswa.2012.05.069},
  note = {cited By 4},
  url = {https://www.scopus.com/inward/record.uri?eid=2-s2.0-84865249178&doi=10.1016%2fj.eswa.2012.05.069&partnerID=40&md5=80adc255ab0ec2bf34ef0edd0a22df80},
  document_type = {Article},
  source = {Scopus},
}

@Article{Chen2012461,
  author = {Z.-Y. Chen and Z.-P. Fan and M. Sun},
  title = {A hierarchical multiple kernel support vector machine for customer churn prediction using longitudinal behavioral data},
  journal = {European Journal of Operational Research},
  year = {2012},
  volume = {223},
  number = {2},
  pages = {461-472},
  doi = {10.1016/j.ejor.2012.06.040},
  note = {cited By 76},
  url = {https://www.scopus.com/inward/record.uri?eid=2-s2.0-84864609860&doi=10.1016%2fj.ejor.2012.06.040&partnerID=40&md5=19a8b41c573c9fdc1726730715814037},
  document_type = {Article},
  source = {Scopus},
}

@Article{Chen2012111,
  author = {Z.-Y. Chen and Z.-P. Fan},
  title = {Distributed customer behavior prediction using multiplex data: A collaborative MK-SVM approach},
  journal = {Knowledge-Based Systems},
  year = {2012},
  volume = {35},
  pages = {111-119},
  doi = {10.1016/j.knosys.2012.04.023},
  note = {cited By 25},
  url = {https://www.scopus.com/inward/record.uri?eid=2-s2.0-84866523423&doi=10.1016%2fj.knosys.2012.04.023&partnerID=40&md5=b0ea4a857890e2753eb1c97712d1ff4c},
  document_type = {Article},
  source = {Scopus},
}

@Article{Benoit201211435,
  author = {D.F. Benoit and D. {Van Den Poel}},
  title = {Improving customer retention in financial services using kinship network information},
  journal = {Expert Systems with Applications},
  year = {2012},
  volume = {39},
  number = {13},
  pages = {11435-11442},
  doi = {10.1016/j.eswa.2012.04.016},
  note = {cited By 30},
  url = {https://www.scopus.com/inward/record.uri?eid=2-s2.0-84861347296&doi=10.1016%2fj.eswa.2012.04.016&partnerID=40&md5=c07d6d4a5009ab726b0c6ead0cd21bc5},
  document_type = {Article},
  source = {Scopus},
}

@Article{Abdi20121022,
  author = {J. Abdi and B. Moshiri and B. Abdulhai and A.K. Sedigh},
  title = {Forecasting of short-term traffic-flow based on improved neurofuzzy models via emotional temporal difference learning algorithm},
  journal = {Engineering Applications of Artificial Intelligence},
  year = {2012},
  volume = {25},
  number = {5},
  pages = {1022-1042},
  doi = {10.1016/j.engappai.2011.09.011},
  note = {cited By 58},
  url = {https://www.scopus.com/inward/record.uri?eid=2-s2.0-84862149193&doi=10.1016%2fj.engappai.2011.09.011&partnerID=40&md5=407e305bfb79a076dc094f6bee0d7c26},
  document_type = {Article},
  source = {Scopus},
}

@Article{Tsai201267,
  author = {C.-F. Tsai and Y.-H. Lu and D.C. Yen},
  title = {Determinants of intangible assets value: The data mining approach},
  journal = {Knowledge-Based Systems},
  year = {2012},
  volume = {31},
  pages = {67-77},
  doi = {10.1016/j.knosys.2012.02.007},
  note = {cited By 31},
  url = {https://www.scopus.com/inward/record.uri?eid=2-s2.0-84862793349&doi=10.1016%2fj.knosys.2012.02.007&partnerID=40&md5=6c4ff66229e9f1ebd985b414f19d0245},
  document_type = {Article},
  source = {Scopus},
}

@Article{DeBock20126816,
  author = {K.W. {De Bock} and D. {Van Den Poel}},
  title = {Reconciling performance and interpretability in customer churn prediction using ensemble learning based on generalized additive models},
  journal = {Expert Systems with Applications},
  year = {2012},
  volume = {39},
  number = {8},
  pages = {6816-6826},
  doi = {10.1016/j.eswa.2012.01.014},
  note = {cited By 24},
  url = {https://www.scopus.com/inward/record.uri?eid=2-s2.0-84857651191&doi=10.1016%2fj.eswa.2012.01.014&partnerID=40&md5=fdad8977e3b5ddd3d26978d3b428f838},
  document_type = {Article},
  source = {Scopus},
}

@Article{Verbeke2012211,
  author = {W. Verbeke and K. Dejaeger and D. Martens and J. Hur and B. Baesens},
  title = {New insights into churn prediction in the telecommunication sector: A profit driven data mining approach},
  journal = {European Journal of Operational Research},
  year = {2012},
  volume = {218},
  number = {1},
  pages = {211-229},
  doi = {10.1016/j.ejor.2011.09.031},
  note = {cited By 174},
  url = {https://www.scopus.com/inward/record.uri?eid=2-s2.0-83955164226&doi=10.1016%2fj.ejor.2011.09.031&partnerID=40&md5=8bb2d6587fdfa25211e92af7e5acc942},
  document_type = {Article},
  source = {Scopus},
}

@Article{Farquad201248,
  author = {M.A.H. Farquad and V. Ravi and S.B. Raju},
  title = {Analytical CRM in banking and finance using SVM: A modified active learning-based rule extraction approach},
  journal = {International Journal of Electronic Customer Relationship Management},
  year = {2012},
  volume = {6},
  number = {1},
  pages = {48-73},
  doi = {10.1504/IJECRM.2012.046470},
  note = {cited By 8},
  url = {https://www.scopus.com/inward/record.uri?eid=2-s2.0-84859615858&doi=10.1504%2fIJECRM.2012.046470&partnerID=40&md5=38b252d0ab46e82049994207083d9d3b},
  document_type = {Article},
  source = {Scopus},
}

@Article{Zhang201297,
  author = {X. Zhang and J. Zhu and S. Xu and Y. Wan},
  title = {Predicting customer churn through interpersonal influence},
  journal = {Knowledge-Based Systems},
  year = {2012},
  volume = {28},
  pages = {97-104},
  doi = {10.1016/j.knosys.2011.12.005},
  note = {cited By 43},
  url = {https://www.scopus.com/inward/record.uri?eid=2-s2.0-84856230447&doi=10.1016%2fj.knosys.2011.12.005&partnerID=40&md5=1c0fdcc52e2c0d408be484dedbe7dce5},
  document_type = {Article},
  source = {Scopus},
}

@Article{Xiao20123668,
  author = {J. Xiao and L. Xie and C. He and X. Jiang},
  title = {Dynamic classifier ensemble model for customer classification with imbalanced class distribution},
  journal = {Expert Systems with Applications},
  year = {2012},
  volume = {39},
  number = {3},
  pages = {3668-3675},
  doi = {10.1016/j.eswa.2011.09.059},
  note = {cited By 69},
  url = {https://www.scopus.com/inward/record.uri?eid=2-s2.0-80255137251&doi=10.1016%2fj.eswa.2011.09.059&partnerID=40&md5=0e1077ae4f2a260b86fe534b3cc37d9c},
  document_type = {Article},
  source = {Scopus},
}

@Article{Chen201277,
  author = {C.-L. Chen and C.-W. Wu},
  title = {Diagnosing assets impairment by using random forests model},
  journal = {International Journal of Information Technology and Decision Making},
  year = {2012},
  volume = {11},
  number = {1},
  pages = {77-102},
  doi = {10.1142/S0219622012500046},
  note = {cited By 3},
  url = {https://www.scopus.com/inward/record.uri?eid=2-s2.0-84863151912&doi=10.1142%2fS0219622012500046&partnerID=40&md5=9d954c6ce7c8885ace90b76a2ae169fd},
  document_type = {Article},
  source = {Scopus},
}

@Article{Nie201115273,
  author = {G. Nie and W. Rowe and L. Zhang and Y. Tian and Y. Shi},
  title = {Credit card churn forecasting by logistic regression and decision tree},
  journal = {Expert Systems with Applications},
  year = {2011},
  volume = {38},
  number = {12},
  pages = {15273-15285},
  doi = {10.1016/j.eswa.2011.06.028},
  note = {cited By 79},
  url = {https://www.scopus.com/inward/record.uri?eid=2-s2.0-80052022630&doi=10.1016%2fj.eswa.2011.06.028&partnerID=40&md5=53cf16f8a3d3fbea09ed9701386e17f9},
  document_type = {Article},
  source = {Scopus},
}

@Article{Lessmann201112826,
  author = {S. Lessmann and M. Caserta and I.M. Arango},
  title = {Tuning metaheuristics: A data mining based approach for particle swarm optimization},
  journal = {Expert Systems with Applications},
  year = {2011},
  volume = {38},
  number = {10},
  pages = {12826-12838},
  doi = {10.1016/j.eswa.2011.04.075},
  note = {cited By 25},
  url = {https://www.scopus.com/inward/record.uri?eid=2-s2.0-79957978863&doi=10.1016%2fj.eswa.2011.04.075&partnerID=40&md5=925718b55dccb412c48c9e38278cb2e8},
  document_type = {Article},
  source = {Scopus},
}

@Article{Bonchi2011,
  author = {F. Bonchi and C. Castillo and A. Gionis and A. Jaimes},
  title = {Social network analysis and mining for business applications},
  journal = {ACM Transactions on Intelligent Systems and Technology},
  year = {2011},
  volume = {2},
  number = {3},
  doi = {10.1145/1961189.1961194},
  art_number = {22},
  note = {cited By 183},
  url = {https://www.scopus.com/inward/record.uri?eid=2-s2.0-79955676843&doi=10.1145%2f1961189.1961194&partnerID=40&md5=97b300501c1f9cc42dac802f5170207d},
  document_type = {Article},
  source = {Scopus},
}

@Article{Verbeke20112354,
  author = {W. Verbeke and D. Martens and C. Mues and B. Baesens},
  title = {Building comprehensible customer churn prediction models with advanced rule induction techniques},
  journal = {Expert Systems with Applications},
  year = {2011},
  volume = {38},
  number = {3},
  pages = {2354-2364},
  doi = {10.1016/j.eswa.2010.08.023},
  note = {cited By 146},
  url = {https://www.scopus.com/inward/record.uri?eid=2-s2.0-78049530278&doi=10.1016%2fj.eswa.2010.08.023&partnerID=40&md5=d948b3b93851f46cae4ffb343f6a59ae},
  document_type = {Article},
  source = {Scopus},
}

@Article{Chueh20111,
  author = {H.-E. Chueh and S.-C. Lin and N.-Y. Jan},
  title = {Mining the telecom marketing information to optimizing the customer retention strategies},
  journal = {ICIC Express Letters, Part B: Applications},
  year = {2011},
  volume = {2},
  number = {1},
  pages = {1-6},
  note = {cited By 1},
  url = {https://www.scopus.com/inward/record.uri?eid=2-s2.0-79251499982&partnerID=40&md5=d346944caac1688be3989f82eb1a419d},
  document_type = {Article},
  source = {Scopus},
}

@Article{Verikas2011330,
  author = {A. Verikas and A. Gelzinis and M. Bacauskiene},
  title = {Mining data with random forests: A survey and results of new tests},
  journal = {Pattern Recognition},
  year = {2011},
  volume = {44},
  number = {2},
  pages = {330-349},
  doi = {10.1016/j.patcog.2010.08.011},
  note = {cited By 349},
  url = {https://www.scopus.com/inward/record.uri?eid=2-s2.0-77958064179&doi=10.1016%2fj.patcog.2010.08.011&partnerID=40&md5=ccd647f3621b0fd25cfe65d58729ae52},
  document_type = {Article},
  source = {Scopus},
}

@Article{Vasu201175,
  author = {M. Vasu and V. Ravi},
  title = {A hybrid under-sampling approach for mining unbalanced datasets: Applications to banking and insurance},
  journal = {International Journal of Data Mining, Modelling and Management},
  year = {2011},
  volume = {3},
  number = {1},
  pages = {75-105},
  doi = {10.1504/IJDMMM.2011.038812},
  note = {cited By 12},
  url = {https://www.scopus.com/inward/record.uri?eid=2-s2.0-82555166579&doi=10.1504%2fIJDMMM.2011.038812&partnerID=40&md5=c607de9623efcd2c8441d215bbb9923f},
  document_type = {Article},
  source = {Scopus},
}

@Article{Kianmehr201175,
  author = {K. Kianmehr and R. Alhajj},
  title = {A fuzzy prediction model for calling communities},
  journal = {International Journal of Networking and Virtual Organisations},
  year = {2011},
  volume = {8},
  number = {1-2},
  pages = {75-97},
  doi = {10.1504/IJNVO.2011.037162},
  note = {cited By 2},
  url = {https://www.scopus.com/inward/record.uri?eid=2-s2.0-78649686909&doi=10.1504%2fIJNVO.2011.037162&partnerID=40&md5=c5672d2ca9f4f00f50ba6e4bb22259d4},
  document_type = {Article},
  source = {Scopus},
}

@Article{Farquad2010461,
  author = {M.A.H. Farquad and V. Ravi and S.B. Raju},
  title = {Rule extraction from support vector machine using modified active learning based approach: An application to CRM},
  journal = {Lecture Notes in Computer Science (including subseries Lecture Notes in Artificial Intelligence and Lecture Notes in Bioinformatics)},
  year = {2010},
  volume = {6276 LNAI},
  number = {PART 1},
  pages = {461-470},
  doi = {10.1007/978-3-642-15387-7_50},
  note = {cited By 5},
  url = {https://www.scopus.com/inward/record.uri?eid=2-s2.0-78449259260&doi=10.1007%2f978-3-642-15387-7_50&partnerID=40&md5=d8bbf9258e8ec94d70b66f70de6dcdcc},
  document_type = {Conference Paper},
  source = {Scopus},
}

@Article{Risselada2010198,
  author = {H. Risselada and P.C. Verhoef and T.H.A. Bijmolt},
  title = {Staying Power of Churn Prediction Models},
  journal = {Journal of Interactive Marketing},
  year = {2010},
  volume = {24},
  number = {3},
  pages = {198-208},
  doi = {10.1016/j.intmar.2010.04.002},
  note = {cited By 35},
  url = {https://www.scopus.com/inward/record.uri?eid=2-s2.0-77955637474&doi=10.1016%2fj.intmar.2010.04.002&partnerID=40&md5=0aa16676b280d7a1c575b9a83cfb855d},
  document_type = {Article},
  source = {Scopus},
}

@Article{Tsai20102006,
  author = {C.-F. Tsai and M.-Y. Chen},
  title = {Variable selection by association rules for customer churn prediction of multimedia on demand},
  journal = {Expert Systems with Applications},
  year = {2010},
  volume = {37},
  number = {3},
  pages = {2006-2015},
  doi = {10.1016/j.eswa.2009.06.076},
  note = {cited By 57},
  url = {https://www.scopus.com/inward/record.uri?eid=2-s2.0-70449521306&doi=10.1016%2fj.eswa.2009.06.076&partnerID=40&md5=7ab475089d02936a011235466949c7ae},
  document_type = {Article},
  source = {Scopus},
}

@Article{Coussement20102132,
  author = {K. Coussement and D.F. Benoit and D. {Van den Poel}},
  title = {Improved marketing decision making in a customer churn prediction context using generalized additive models},
  journal = {Expert Systems with Applications},
  year = {2010},
  volume = {37},
  number = {3},
  pages = {2132-2143},
  doi = {10.1016/j.eswa.2009.07.029},
  note = {cited By 57},
  url = {https://www.scopus.com/inward/record.uri?eid=2-s2.0-70449526531&doi=10.1016%2fj.eswa.2009.07.029&partnerID=40&md5=ca8dc90b46100bf7221a9f770e295878},
  document_type = {Article},
  source = {Scopus},
}

@Article{Tsai201028,
  author = {C.-F. Tsai and Y.-H. Lu},
  title = {Data mining techniques in customer churn prediction},
  journal = {Recent Patents on Computer Science},
  year = {2010},
  volume = {3},
  number = {1},
  pages = {28-32},
  doi = {10.2174/1874479611003010028},
  note = {cited By 8},
  url = {https://www.scopus.com/inward/record.uri?eid=2-s2.0-78651594058&doi=10.2174%2f1874479611003010028&partnerID=40&md5=81295d31ef7889d6b7fadb25e7ae7dc0},
  document_type = {Article},
  source = {Scopus},
}

@Article{Thomas201041,
  author = {L.C. Thomas},
  title = {Consumer finance: Challenges for operational research},
  journal = {Journal of the Operational Research Society},
  year = {2010},
  volume = {61},
  number = {1},
  pages = {41-52},
  doi = {10.1057/jors.2009.104},
  note = {cited By 29},
  url = {https://www.scopus.com/inward/record.uri?eid=2-s2.0-71749107984&doi=10.1057%2fjors.2009.104&partnerID=40&md5=fed9b0d5075669948e407929557d0b9d},
  document_type = {Article},
  source = {Scopus},
}

@Article{Farquad2009390,
  author = {M.A.H. Farquad and V. Ravi and S.B. Raju},
  title = {Data mining using rules extracted from SVM: An application to churn prediction in bank credit cards},
  journal = {Lecture Notes in Computer Science (including subseries Lecture Notes in Artificial Intelligence and Lecture Notes in Bioinformatics)},
  year = {2009},
  volume = {5908 LNAI},
  pages = {390-397},
  doi = {10.1007/978-3-642-10646-0_47},
  note = {cited By 7},
  url = {https://www.scopus.com/inward/record.uri?eid=2-s2.0-76649127457&doi=10.1007%2f978-3-642-10646-0_47&partnerID=40&md5=fb3be08e9131f7ce53dadeb82dddd3dd},
  document_type = {Conference Paper},
  source = {Scopus},
}

@Article{Lessmann2009520,
  author = {S. Lessmann and S. VoÃŸ},
  title = {A reference model for customer-centric data mining with support vector machines},
  journal = {European Journal of Operational Research},
  year = {2009},
  volume = {199},
  number = {2},
  pages = {520-530},
  doi = {10.1016/j.ejor.2008.12.017},
  note = {cited By 56},
  url = {https://www.scopus.com/inward/record.uri?eid=2-s2.0-67349201687&doi=10.1016%2fj.ejor.2008.12.017&partnerID=40&md5=60d54270af73f4e419b80f07d2180808},
  document_type = {Article},
  source = {Scopus},
}

@Article{Benoit200910475,
  author = {D.F. Benoit and D. {Van den Poel}},
  title = {Benefits of quantile regression for the analysis of customer lifetime value in a contractual setting: An application in financial services},
  journal = {Expert Systems with Applications},
  year = {2009},
  volume = {36},
  number = {7},
  pages = {10475-10484},
  doi = {10.1016/j.eswa.2009.01.031},
  note = {cited By 54},
  url = {https://www.scopus.com/inward/record.uri?eid=2-s2.0-67349144993&doi=10.1016%2fj.eswa.2009.01.031&partnerID=40&md5=8d293c02755a939b1799e65a9a695f18},
  document_type = {Article},
  source = {Scopus},
}

@Article{Glady2009402,
  author = {N. Glady and B. Baesens and C. Croux},
  title = {Modeling churn using customer lifetime value},
  journal = {European Journal of Operational Research},
  year = {2009},
  volume = {197},
  number = {1},
  pages = {402-411},
  doi = {10.1016/j.ejor.2008.06.027},
  note = {cited By 90},
  url = {https://www.scopus.com/inward/record.uri?eid=2-s2.0-59649108544&doi=10.1016%2fj.ejor.2008.06.027&partnerID=40&md5=d828bb6c3a31ebbe6e976e9f7cb9d986},
  document_type = {Article},
  source = {Scopus},
}

@Article{Nassiri-Mofakham2009248,
  author = {F. Nassiri-Mofakham and M.A. Nematbakhsh and A. Baraani-Dastjerdi and N. Ghasem-Aghaee},
  title = {Electronic promotion to new customers using mkNN learning},
  journal = {Information Sciences},
  year = {2009},
  volume = {179},
  number = {3},
  pages = {248-266},
  doi = {10.1016/j.ins.2008.09.019},
  note = {cited By 5},
  url = {https://www.scopus.com/inward/record.uri?eid=2-s2.0-55949113604&doi=10.1016%2fj.ins.2008.09.019&partnerID=40&md5=4967ec69c1a7efc8f5aa05b4fcf18995},
  document_type = {Article},
  source = {Scopus},
}

@Article{Xie20095445,
  author = {Y. Xie and X. Li and E.W.T. Ngai and W. Ying},
  title = {Customer churn prediction using improved balanced random forests},
  journal = {Expert Systems with Applications},
  year = {2009},
  volume = {36},
  number = {3 PART 1},
  pages = {5445-5449},
  doi = {10.1016/j.eswa.2008.06.121},
  note = {cited By 172},
  url = {https://www.scopus.com/inward/record.uri?eid=2-s2.0-58349116623&doi=10.1016%2fj.eswa.2008.06.121&partnerID=40&md5=9e49470b9a792f0929b5f3439304d8ba},
  document_type = {Article},
  source = {Scopus},
}

@Article{Lima20091096,
  author = {E. Lima and C. Mues and B. Baesens},
  title = {Domain knowledge integration in data mining using decision tables: Case studies in churn prediction},
  journal = {Journal of the Operational Research Society},
  year = {2009},
  volume = {60},
  number = {8},
  pages = {1096-1106},
  doi = {10.1057/jors.2008.161},
  note = {cited By 40},
  url = {https://www.scopus.com/inward/record.uri?eid=2-s2.0-68149172842&doi=10.1057%2fjors.2008.161&partnerID=40&md5=2d46317de356c5399f049d3a2c9bbbb8},
  document_type = {Article},
  source = {Scopus},
}

@Article{Coussement20096127,
  author = {K. Coussement and D.V.d. Poel},
  title = {Improving customer attrition prediction by integrating emotions from client/company interaction emails and evaluating multiple classifiers},
  journal = {Expert Systems with Applications},
  year = {2009},
  volume = {36},
  number = {3 PART 2},
  pages = {6127-6134},
  doi = {10.1016/j.eswa.2008.07.021},
  note = {cited By 76},
  url = {https://www.scopus.com/inward/record.uri?eid=2-s2.0-58349110712&doi=10.1016%2fj.eswa.2008.07.021&partnerID=40&md5=f1bbeabde58298a866e4a84ad65bc5b2},
  document_type = {Article},
  source = {Scopus},
}

@Article{Burez20094626,
  author = {J. Burez and D. {Van den Poel}},
  title = {Handling class imbalance in customer churn prediction},
  journal = {Expert Systems with Applications},
  year = {2009},
  volume = {36},
  number = {3 PART 1},
  pages = {4626-4636},
  doi = {10.1016/j.eswa.2008.05.027},
  note = {cited By 227},
  url = {https://www.scopus.com/inward/record.uri?eid=2-s2.0-58349098976&doi=10.1016%2fj.eswa.2008.05.027&partnerID=40&md5=c18ce68db471b5f7716e60c2b894dcc0},
  document_type = {Article},
  source = {Scopus},
}

@Article{Burez2008497,
  author = {J. Burez and D. {Van den Poel}},
  title = {Separating financial from commercial customer churn: A modeling step towards resolving the conflict between the sales and credit department},
  journal = {Expert Systems with Applications},
  year = {2008},
  volume = {35},
  number = {1-2},
  pages = {497-514},
  doi = {10.1016/j.eswa.2007.07.036},
  note = {cited By 26},
  url = {https://www.scopus.com/inward/record.uri?eid=2-s2.0-44949150276&doi=10.1016%2fj.eswa.2007.07.036&partnerID=40&md5=11a935880b16052c143da3c6ccd9639d},
  document_type = {Article},
  source = {Scopus},
}

@Article{Coussement2008313,
  author = {K. Coussement and D. {Van den Poel}},
  title = {Churn prediction in subscription services: An application of support vector machines while comparing two parameter-selection techniques},
  journal = {Expert Systems with Applications},
  year = {2008},
  volume = {34},
  number = {1},
  pages = {313-327},
  doi = {10.1016/j.eswa.2006.09.038},
  note = {cited By 227},
  url = {https://www.scopus.com/inward/record.uri?eid=2-s2.0-34248524002&doi=10.1016%2fj.eswa.2006.09.038&partnerID=40&md5=39afd3028c1ec14930fbcf244d8d08a5},
  document_type = {Article},
  source = {Scopus},
}

@Article{Donkers2007163,
  author = {B. Donkers and P.C. Verhoef and M.G. {de Jong}},
  title = {Modeling CLV: A test of competing models in the insurance industry},
  journal = {Quantitative Marketing and Economics},
  year = {2007},
  volume = {5},
  number = {2},
  pages = {163-190},
  doi = {10.1007/s11129-006-9016-y},
  note = {cited By 70},
  url = {https://www.scopus.com/inward/record.uri?eid=2-s2.0-34250680968&doi=10.1007%2fs11129-006-9016-y&partnerID=40&md5=856ee8d66590861c632268cd19fcede0},
  document_type = {Article},
  source = {Scopus},
}

@Article{Burez2007277,
  author = {J. Burez and D. {Van den Poel}},
  title = {CRM at a pay-TV company: Using analytical models to reduce customer attrition by targeted marketing for subscription services},
  journal = {Expert Systems with Applications},
  year = {2007},
  volume = {32},
  number = {2},
  pages = {277-288},
  doi = {10.1016/j.eswa.2005.11.037},
  note = {cited By 96},
  url = {https://www.scopus.com/inward/record.uri?eid=2-s2.0-33750429921&doi=10.1016%2fj.eswa.2005.11.037&partnerID=40&md5=1807989a8ad20066146e730a32462828},
  document_type = {Article},
  source = {Scopus},
}

@Article{Buckinx2007125,
  author = {W. Buckinx and G. Verstraeten and D. {Van den Poel}},
  title = {Predicting customer loyalty using the internal transactional database},
  journal = {Expert Systems with Applications},
  year = {2007},
  volume = {32},
  number = {1},
  pages = {125-134},
  doi = {10.1016/j.eswa.2005.11.004},
  note = {cited By 47},
  url = {https://www.scopus.com/inward/record.uri?eid=2-s2.0-33748140219&doi=10.1016%2fj.eswa.2005.11.004&partnerID=40&md5=201bc1882e97cf3352993592c66ea8e4},
  document_type = {Article},
  source = {Scopus},
}

@Article{Lemmens2006276,
  author = {A. Lemmens and C. Croux},
  title = {Bagging and boosting classification trees to predict churn},
  journal = {Journal of Marketing Research},
  year = {2006},
  volume = {43},
  number = {2},
  pages = {276-286},
  doi = {10.1509/jmkr.43.2.276},
  note = {cited By 196},
  url = {https://www.scopus.com/inward/record.uri?eid=2-s2.0-33744526493&doi=10.1509%2fjmkr.43.2.276&partnerID=40&md5=c4c55820d798903c9a0ed542ab1cc866},
  document_type = {Article},
  source = {Scopus},
}

@Article{Buckinx2005252,
  author = {W. Buckinx and D. {Van Den Poel}},
  title = {Customer base analysis: Partial defection of behaviourally loyal clients in a non-contractual FMCG retail setting},
  journal = {European Journal of Operational Research},
  year = {2005},
  volume = {164},
  number = {1},
  pages = {252-268},
  doi = {10.1016/j.ejor.2003.12.010},
  note = {cited By 195},
  url = {https://www.scopus.com/inward/record.uri?eid=2-s2.0-10444274107&doi=10.1016%2fj.ejor.2003.12.010&partnerID=40&md5=185aab9fe62f3954a63311cdc0215a26},
  document_type = {Article},
  source = {Scopus},
}

@Article{Au2003532,
  author = {W.-H. Au and C.C. Chan and X. Yao},
  title = {A novel evolutionary data mining algorithm with applications to churn prediction},
  journal = {IEEE Transactions on Evolutionary Computation},
  year = {2003},
  volume = {7},
  number = {6},
  pages = {532-544},
  doi = {10.1109/TEVC.2003.819264},
  note = {cited By 223},
  url = {https://www.scopus.com/inward/record.uri?eid=2-s2.0-0345872225&doi=10.1109%2fTEVC.2003.819264&partnerID=40&md5=8347770a219d5f47eefec1378782f4c4},
  document_type = {Article},
  source = {Scopus},
}

@Article{Wei2002103,
  author = {C.-P. Wei and I.-T. Chiu},
  title = {Turning telecommunications call details to churn prediction: A data mining approach},
  journal = {Expert Systems with Applications},
  year = {2002},
  volume = {23},
  number = {2},
  pages = {103-112},
  doi = {10.1016/S0957-4174(02)00030-1},
  note = {cited By 249},
  url = {https://www.scopus.com/inward/record.uri?eid=2-s2.0-0036696364&doi=10.1016%2fS0957-4174%2802%2900030-1&partnerID=40&md5=37016d890618df488643f20f5b768f4d},
  document_type = {Article},
  source = {Scopus},
}
