@ARTICLE{Alboukaey2020,
	title = {Dynamic behavior based churn prediction in mobile telecom},
	author = {Alboukaey, N. and Joukhadar, A. and Ghneim, N.},
	journal = {Expert Systems with Applications},
	year={2020},
	volume={162},
	doi={10.1016/j.eswa.2020.113779},
	art_number={113779},
	note={cited By 0},
	document_type={Article},
	source={Scopus}
	}

@Article{Binmore2008,
  Title = {Do Conventions Need to Be Common Knowledge?},
  Author = {Binmore, Ken},
  Journal = {Topoi},
  Year = {2008},
  Number = {1},
  Pages = {17--27},
  Volume = {27}
}
