
@incollection{kalita_fuzzy_2019,
	address = {Singapore},
	title = {Fuzzy {Clustering} with {Ensemble} {Classification} {Techniques} to {Improve} the {Customer} {Churn} {Prediction} in {Telecommunication} {Sector}},
	volume = {740},
	isbn = {9789811312793 9789811312809},
	url = {http://link.springer.com/10.1007/978-981-13-1280-9_25},
	urldate = {2020-08-26},
	booktitle = {Recent {Developments} in {Machine} {Learning} and {Data} {Analytics}},
	publisher = {Springer Singapore},
	author = {Vijaya, J. and Sivasankar, E. and Gayathri, S.},
	editor = {Kalita, Jugal and Balas, Valentina Emilia and Borah, Samarjeet and Pradhan, Ratika},
	year = {2019},
	doi = {10.1007/978-981-13-1280-9_25},
	note = {ZSCC: NoCitationData[s0] 
Series Title: Advances in Intelligent Systems and Computing},
	pages = {261--274}
}

@incollection{casillas_improving_2012,
	address = {Berlin, Heidelberg},
	title = {Improving {Customer} {Churn} {Prediction} by {Data} {Augmentation} {Using} {Pictorial} {Stimulus}-{Choice} {Data}},
	volume = {171},
	isbn = {978-3-642-30863-5 978-3-642-30864-2},
	url = {http://link.springer.com/10.1007/978-3-642-30864-2_21},
	urldate = {2020-08-26},
	booktitle = {Management {Intelligent} {Systems}},
	publisher = {Springer Berlin Heidelberg},
	author = {Ballings, Michel and Van den Poel, Dirk and Verhagen, Emmanuel},
	editor = {Casillas, Jorge and Martínez-López, Francisco J. and Corchado Rodríguez, Juan Manuel},
	year = {2012},
	doi = {10.1007/978-3-642-30864-2_21},
	note = {ZSCC: NoCitationData[s0] 
Series Title: Advances in Intelligent Systems and Computing},
	pages = {217--226},
	file = {Ballings et al_2012_Improving Customer Churn Prediction by Data Augmentation Using Pictorial.pdf:C\:\\nuvem\\OneDrive - Instituto Politécnico de Santarém\\zotero\\storage\\7CUQ5FGT\\Ballings et al_2012_Improving Customer Churn Prediction by Data Augmentation Using Pictorial.pdf:application/pdf}
}

@incollection{campbell_customer_2016,
	address = {Cham},
	title = {Customer {Churn} {Models}: {A} {Comparison} of {Probability} and {Data} {Mining} {Approaches}},
	isbn = {978-3-319-24182-1 978-3-319-24184-5},
	shorttitle = {Customer {Churn} {Models}},
	url = {http://link.springer.com/10.1007/978-3-319-24184-5_35},
	urldate = {2020-08-26},
	booktitle = {Looking {Forward}, {Looking} {Back}: {Drawing} on the {Past} to {Shape} the {Future} of {Marketing}},
	publisher = {Springer International Publishing},
	author = {Jahromi, Ali Tamaddoni and Stakhovych, Stanislav and Ewing, Michael},
	editor = {Campbell, Colin and Ma, Junzhao},
	year = {2016},
	doi = {10.1007/978-3-319-24184-5_35},
	note = {ZSCC: NoCitationData[s0] 
Series Title: Developments in Marketing Science: Proceedings of the Academy of Marketing Science},
	pages = {144--148}
}

@article{sivasankar_hybrid_2019,
	title = {Hybrid {PPFCM}-{ANN} model: an efficient system for customer churn prediction through probabilistic possibilistic fuzzy clustering and artificial neural network},
	volume = {31},
	issn = {0941-0643, 1433-3058},
	shorttitle = {Hybrid {PPFCM}-{ANN} model},
	url = {http://link.springer.com/10.1007/s00521-018-3548-4},
	doi = {10.1007/s00521-018-3548-4},
	language = {en},
	number = {11},
	urldate = {2020-08-26},
	journal = {Neural Computing and Applications},
	author = {Sivasankar, E. and Vijaya, J.},
	month = nov,
	year = {2019},
	note = {ZSCC: 0000005},
	pages = {7181--7200}
}

@incollection{garcia-pedrajas_ensembles_2010,
	address = {Berlin, Heidelberg},
	title = {Ensembles of {Probability} {Estimation} {Trees} for {Customer} {Churn} {Prediction}},
	volume = {6097},
	isbn = {978-3-642-13024-3 978-3-642-13025-0},
	url = {http://link.springer.com/10.1007/978-3-642-13025-0_7},
	urldate = {2020-08-26},
	booktitle = {Trends in {Applied} {Intelligent} {Systems}},
	publisher = {Springer Berlin Heidelberg},
	author = {De Bock, Koen W. and Van den Poel, Dirk},
	editor = {García-Pedrajas, Nicolás and Herrera, Francisco and Fyfe, Colin and Benítez, José Manuel and Ali, Moonis},
	year = {2010},
	doi = {10.1007/978-3-642-13025-0_7},
	note = {ZSCC: NoCitationData[s0] 
Series Title: Lecture Notes in Computer Science},
	pages = {57--66},
	file = {De Bock_Van den Poel_2010_Ensembles of Probability Estimation Trees for Customer Churn Prediction.pdf:C\:\\nuvem\\OneDrive - Instituto Politécnico de Santarém\\zotero\\storage\\HW2TSNC5\\De Bock_Van den Poel_2010_Ensembles of Probability Estimation Trees for Customer Churn Prediction.pdf:application/pdf}
}

@incollection{washio_customer_2008,
	address = {Berlin, Heidelberg},
	title = {Customer {Churn} {Time} {Prediction} in {Mobile} {Telecommunication} {Industry} {Using} {Ordinal} {Regression}},
	volume = {5012},
	isbn = {978-3-540-68124-3 978-3-540-68125-0},
	url = {http://link.springer.com/10.1007/978-3-540-68125-0_88},
	language = {en},
	urldate = {2020-08-26},
	booktitle = {Advances in {Knowledge} {Discovery} and {Data} {Mining}},
	publisher = {Springer Berlin Heidelberg},
	author = {Gopal, Rupesh K. and Meher, Saroj K.},
	editor = {Washio, Takashi and Suzuki, Einoshin and Ting, Kai Ming and Inokuchi, Akihiro},
	year = {2008},
	doi = {10.1007/978-3-540-68125-0_88},
	note = {ZSCC: NoCitationData[s0] 
Series Title: Lecture Notes in Computer Science},
	pages = {884--889}
}

@incollection{pant_rule-based_2020,
	address = {Singapore},
	title = {Rule-{Based} {Customer} {Churn} {Prediction} {Model} {Using} {Artificial} {Neural} {Network} {Based} and {Rough} {Set} {Theory}},
	volume = {1053},
	isbn = {9789811507502 9789811507519},
	url = {http://link.springer.com/10.1007/978-981-15-0751-9_9},
	language = {en},
	urldate = {2020-08-26},
	booktitle = {Soft {Computing}: {Theories} and {Applications}},
	publisher = {Springer Singapore},
	author = {Kumar, Harvendra and Yadav, Rakesh Kumar},
	editor = {Pant, Millie and Sharma, Tarun K. and Verma, Om Prakash and Singla, Rajesh and Sikander, Afzal},
	year = {2020},
	doi = {10.1007/978-981-15-0751-9_9},
	note = {ZSCC: NoCitationData[s0] 
Series Title: Advances in Intelligent Systems and Computing},
	pages = {97--108}
}

@incollection{pedersen_customer_2009,
	address = {Berlin, Heidelberg},
	title = {Customer {Churn} {Prediction} for {Broadband} {Internet} {Services}},
	volume = {5691},
	isbn = {978-3-642-03729-0 978-3-642-03730-6},
	url = {http://link.springer.com/10.1007/978-3-642-03730-6_19},
	urldate = {2020-08-26},
	booktitle = {Data {Warehousing} and {Knowledge} {Discovery}},
	publisher = {Springer Berlin Heidelberg},
	author = {Huang, B. Q. and Kechadi, M-T. and Buckley, B.},
	editor = {Pedersen, Torben Bach and Mohania, Mukesh K. and Tjoa, A Min},
	year = {2009},
	doi = {10.1007/978-3-642-03730-6_19},
	note = {ZSCC: NoCitationData[s0] 
Series Title: Lecture Notes in Computer Science},
	pages = {229--243}
}

@article{ascarza_pursuit_2018,
	title = {In {Pursuit} of {Enhanced} {Customer} {Retention} {Management}: {Review}, {Key} {Issues}, and {Future} {Directions}},
	volume = {5},
	issn = {2196-291X, 2196-2928},
	shorttitle = {In {Pursuit} of {Enhanced} {Customer} {Retention} {Management}},
	url = {http://link.springer.com/10.1007/s40547-017-0080-0},
	doi = {10.1007/s40547-017-0080-0},
	language = {en},
	number = {1-2},
	urldate = {2020-08-26},
	journal = {Customer Needs and Solutions},
	author = {Ascarza, Eva and Neslin, Scott A. and Netzer, Oded and Anderson, Zachery and Fader, Peter S. and Gupta, Sunil and Hardie, Bruce G. S. and Lemmens, Aurélie and Libai, Barak and Neal, David and Provost, Foster and Schrift, Rom},
	month = mar,
	year = {2018},
	note = {ZSCC: NoCitationData[s0]},
	pages = {65--81},
	file = {Ascarza et al_2018_In Pursuit of Enhanced Customer Retention Management.pdf:C\:\\nuvem\\OneDrive - Instituto Politécnico de Santarém\\zotero\\storage\\R4TIALWA\\Ascarza et al_2018_In Pursuit of Enhanced Customer Retention Management.pdf:application/pdf}
}

@incollection{wubben_support_2008,
	address = {Wiesbaden},
	title = {Support {Vector} {Machines} for {Predicting} {Customer} {Activity} and {Future} {Best} {Customers} in {Non}-{Contractual} {Settings}},
	isbn = {978-3-8349-1278-7 978-3-8349-8121-9},
	url = {http://link.springer.com/10.1007/978-3-8349-8121-9_5},
	language = {en},
	urldate = {2020-08-26},
	booktitle = {Analytical {CRM}},
	publisher = {Gabler},
	collaborator = {Wübben, Markus},
	year = {2008},
	doi = {10.1007/978-3-8349-8121-9_5},
	note = {ZSCC: NoCitationData[s0] },
	pages = {135--170}
}

@incollection{bortfeldt_supervised_2008,
	address = {Wiesbaden},
	title = {Supervised {Classification} for {Decision} {Support} in {Customer} {Relationship} {Management}},
	isbn = {978-3-8349-0930-5 978-3-8349-9777-7},
	url = {http://link.springer.com/10.1007/978-3-8349-9777-7_14},
	language = {en},
	urldate = {2020-08-26},
	booktitle = {Intelligent {Decision} {Support}},
	publisher = {Gabler},
	author = {Lessmann, Stefan and Voß, Stefan},
	editor = {Bortfeldt, Andreas and Homberger, Jörg and Kopfer, Herbert and Pankratz, Giselher and Strangmeier, Reinhard},
	year = {2008},
	doi = {10.1007/978-3-8349-9777-7_14},
	note = {ZSCC: NoCitationData[s0] },
	pages = {231--253}
}

@incollection{leeflang_machine_2017,
	address = {Cham},
	title = {Machine {Learning} and {Big} {Data}},
	isbn = {978-3-319-53467-1 978-3-319-53469-5},
	url = {http://link.springer.com/10.1007/978-3-319-53469-5_19},
	urldate = {2020-08-26},
	booktitle = {Advanced {Methods} for {Modeling} {Markets}},
	publisher = {Springer International Publishing},
	author = {Kübler, Raoul V. and Wieringa, Jaap E. and Pauwels, Koen H.},
	editor = {Leeflang, Peter S. H. and Wieringa, Jaap E. and Bijmolt, Tammo H.A and Pauwels, Koen H.},
	year = {2017},
	doi = {10.1007/978-3-319-53469-5_19},
	note = {ZSCC: NoCitationData[s0] 
Series Title: International Series in Quantitative Marketing},
	pages = {631--670}
}

@article{azeem_churn_2017,
	title = {A churn prediction model for prepaid customers in telecom using fuzzy classifiers},
	volume = {66},
	issn = {1018-4864, 1572-9451},
	url = {http://link.springer.com/10.1007/s11235-017-0310-7},
	doi = {10.1007/s11235-017-0310-7},
	language = {en},
	number = {4},
	urldate = {2020-08-26},
	journal = {Telecommunication Systems},
	author = {Azeem, Muhammad and Usman, Muhammad and Fong, A. C. M.},
	month = dec,
	year = {2017},
	note = {ZSCC: 0000021},
	pages = {603--614}
}

@incollection{chen_applying_2011,
	address = {Berlin, Heidelberg},
	title = {Applying {Fuzzy} {Data} {Mining} to {Telecom} {Churn} {Management}},
	volume = {134},
	isbn = {978-3-642-18128-3 978-3-642-18129-0},
	url = {http://link.springer.com/10.1007/978-3-642-18129-0_41},
	urldate = {2020-08-26},
	booktitle = {Intelligent {Computing} and {Information} {Science}},
	publisher = {Springer Berlin Heidelberg},
	author = {Liao, Kuo-Hsiung and Chueh, Hao-En},
	editor = {Chen, Ran},
	year = {2011},
	doi = {10.1007/978-3-642-18129-0_41},
	note = {ZSCC: NoCitationData[s0] 
Series Title: Communications in Computer and Information Science},
	pages = {259--264}
}

@incollection{moscato_marketing_2019,
	address = {Cham},
	title = {Marketing {Meets} {Data} {Science}: {Bridging} the {Gap}},
	isbn = {978-3-030-06221-7 978-3-030-06222-4},
	shorttitle = {Marketing {Meets} {Data} {Science}},
	url = {http://link.springer.com/10.1007/978-3-030-06222-4_1},
	language = {en},
	urldate = {2020-08-26},
	booktitle = {Business and {Consumer} {Analytics}: {New} {Ideas}},
	publisher = {Springer International Publishing},
	author = {Moscato, Pablo and de Vries, Natalie Jane},
	editor = {Moscato, Pablo and de Vries, Natalie Jane},
	year = {2019},
	doi = {10.1007/978-3-030-06222-4_1},
	note = {ZSCC: NoCitationData[s0] },
	pages = {3--117}
}

@incollection{gupta_data_2018,
	address = {Berkeley, CA},
	title = {Data {Analytics} and {Its} {Application} in {Various} {Industries}},
	isbn = {978-1-4842-3524-9 978-1-4842-3525-6},
	url = {http://link.springer.com/10.1007/978-1-4842-3525-6_1},
	language = {en},
	urldate = {2020-08-26},
	booktitle = {Applied {Analytics} through {Case} {Studies} {Using} {SAS} and {R}},
	publisher = {Apress},
	author = {Gupta, Deepti},
	collaborator = {Gupta, Deepti},
	year = {2018},
	doi = {10.1007/978-1-4842-3525-6_1},
	note = {ZSCC: 0000001 },
	pages = {1--25}
}

@article{zhang_consumer_2020,
	title = {Consumer dynamics: theories, methods, and emerging directions},
	issn = {0092-0703, 1552-7824},
	shorttitle = {Consumer dynamics},
	url = {http://link.springer.com/10.1007/s11747-020-00720-8},
	doi = {10.1007/s11747-020-00720-8},
	language = {en},
	urldate = {2020-08-26},
	journal = {Journal of the Academy of Marketing Science},
	author = {Zhang, Jonathan Z. and Chang, Chun-Wei},
	month = mar,
	year = {2020},
	note = {ZSCC: 0000002}
}

@incollection{hutchison_rule_2010,
	address = {Berlin, Heidelberg},
	title = {Rule {Extraction} from {Support} {Vector} {Machine} {Using} {Modified} {Active} {Learning} {Based} {Approach}: {An} {Application} to {CRM}},
	volume = {6276},
	isbn = {978-3-642-15386-0 978-3-642-15387-7},
	shorttitle = {Rule {Extraction} from {Support} {Vector} {Machine} {Using} {Modified} {Active} {Learning} {Based} {Approach}},
	url = {http://link.springer.com/10.1007/978-3-642-15387-7_50},
	urldate = {2020-08-26},
	booktitle = {Knowledge-{Based} and {Intelligent} {Information} and {Engineering} {Systems}},
	publisher = {Springer Berlin Heidelberg},
	author = {Hutchison, David and Kanade, Takeo and Kittler, Josef and Kleinberg, Jon M. and Mattern, Friedemann and Mitchell, John C. and Naor, Moni and Nierstrasz, Oscar and Pandu Rangan, C. and Steffen, Bernhard and Sudan, Madhu and Terzopoulos, Demetri and Tygar, Doug and Vardi, Moshe Y. and Weikum, Gerhard and Farquad, M. A. H. and Ravi, V. and Raju, S. Bapi},
	editor = {Setchi, Rossitza and Jordanov, Ivan and Howlett, Robert J. and Jain, Lakhmi C.},
	year = {2010},
	doi = {10.1007/978-3-642-15387-7_50},
	note = {ZSCC: NoCitationData[s0] 
Series Title: Lecture Notes in Computer Science},
	pages = {461--470}
}

@incollection{hutchison_graph-based_2012,
	address = {Berlin, Heidelberg},
	title = {A {Graph}-{Based} {Churn} {Prediction} {Model} for {Mobile} {Telecom} {Networks}},
	volume = {7713},
	isbn = {978-3-642-35526-4 978-3-642-35527-1},
	url = {http://link.springer.com/10.1007/978-3-642-35527-1_31},
	urldate = {2020-08-26},
	booktitle = {Advanced {Data} {Mining} and {Applications}},
	publisher = {Springer Berlin Heidelberg},
	author = {Saravanan, M. and Vijay Raajaa, G. S.},
	editor = {Hutchison, David and Kanade, Takeo and Kittler, Josef and Kleinberg, Jon M. and Mattern, Friedemann and Mitchell, John C. and Naor, Moni and Nierstrasz, Oscar and Pandu Rangan, C. and Steffen, Bernhard and Sudan, Madhu and Terzopoulos, Demetri and Tygar, Doug and Vardi, Moshe Y. and Weikum, Gerhard and Zhou, Shuigeng and Zhang, Songmao and Karypis, George},
	year = {2012},
	doi = {10.1007/978-3-642-35527-1_31},
	note = {ZSCC: NoCitationData[s0] 
Series Title: Lecture Notes in Computer Science},
	pages = {367--382}
}

@incollection{blattberg_predictive_2008,
	address = {New York, NY},
	title = {The {Predictive} {Modeling} {Process}},
	volume = {18},
	isbn = {978-0-387-72578-9 978-0-387-72579-6},
	url = {http://link.springer.com/10.1007/978-0-387-72579-6_10},
	urldate = {2020-08-26},
	booktitle = {Database {Marketing}},
	publisher = {Springer New York},
	author = {Blattberg, Robert C. and Kim, Byung-Do and Neslin, Scott A.},
	collaborator = {Blattberg, Robert C. and Kim, Byung-Do and Neslin, Scott A.},
	year = {2008},
	doi = {10.1007/978-0-387-72579-6_10},
	note = {ZSCC: 0000002 
Series Title: International Series in Quantitative Marketing},
	pages = {245--287}
}

@incollection{das_call_2020,
	address = {Singapore},
	title = {Call {Churn} {Prediction} with {PySpark}},
	volume = {1057},
	isbn = {9789811501838 9789811501845},
	url = {http://link.springer.com/10.1007/978-981-15-0184-5_67},
	language = {en},
	urldate = {2020-08-26},
	booktitle = {Soft {Computing} for {Problem} {Solving}},
	publisher = {Springer Singapore},
	author = {Nonghuloo, Mark Sheridan and Aravind Reddy, Rangapuram and Manideep, Ganji and SarathVamsi, M. R. and Lavanya, K.},
	editor = {Das, Kedar Nath and Bansal, Jagdish Chand and Deep, Kusum and Nagar, Atulya K. and Pathipooranam, Ponnambalam and Naidu, Rani Chinnappa},
	year = {2020},
	doi = {10.1007/978-981-15-0184-5_67},
	note = {ZSCC: NoCitationData[s0] 
Series Title: Advances in Intelligent Systems and Computing},
	pages = {783--793}
}

@incollection{hutchison_preventing_2013,
	address = {Berlin, Heidelberg},
	title = {Preventing {Churn} in {Telecommunications}: {The} {Forgotten} {Network}},
	volume = {8207},
	isbn = {978-3-642-41397-1 978-3-642-41398-8},
	shorttitle = {Preventing {Churn} in {Telecommunications}},
	url = {http://link.springer.com/10.1007/978-3-642-41398-8_31},
	urldate = {2020-08-26},
	booktitle = {Advances in {Intelligent} {Data} {Analysis} {XII}},
	publisher = {Springer Berlin Heidelberg},
	author = {Radosavljevik, Dejan and van der Putten, Peter},
	editor = {Hutchison, David and Kanade, Takeo and Kittler, Josef and Kleinberg, Jon M. and Mattern, Friedemann and Mitchell, John C. and Naor, Moni and Nierstrasz, Oscar and Pandu Rangan, C. and Steffen, Bernhard and Sudan, Madhu and Terzopoulos, Demetri and Tygar, Doug and Vardi, Moshe Y. and Weikum, Gerhard and Tucker, Allan and Höppner, Frank and Siebes, Arno and Swift, Stephen},
	year = {2013},
	doi = {10.1007/978-3-642-41398-8_31},
	note = {ZSCC: NoCitationData[s0] 
Series Title: Lecture Notes in Computer Science},
	pages = {357--368}
}

@incollection{perner_towards_2017,
	address = {Cham},
	title = {Towards a {Large} {Scale} {Practical} {Churn} {Model} for {Prepaid} {Mobile} {Markets}},
	volume = {10357},
	isbn = {978-3-319-62700-7 978-3-319-62701-4},
	url = {http://link.springer.com/10.1007/978-3-319-62701-4_8},
	urldate = {2020-08-26},
	booktitle = {Advances in {Data} {Mining}. {Applications} and {Theoretical} {Aspects}},
	publisher = {Springer International Publishing},
	author = {Meher, Amit Kumar and Wilson, Jobin and Prashanth, R.},
	editor = {Perner, Petra},
	year = {2017},
	doi = {10.1007/978-3-319-62701-4_8},
	note = {ZSCC: NoCitationData[s0] 
Series Title: Lecture Notes in Computer Science},
	pages = {93--106}
}

@incollection{kim_bayesian_2010,
	address = {Berlin, Heidelberg},
	title = {Bayesian {Network} {Approach} to {Predict} {Mobile} {Churn} {Motivations}: {Emphasis} on {General} {Bayesian} {Network}, {Markov} {Blanket}, and {What}-{If} {Simulation}},
	volume = {6485},
	isbn = {978-3-642-17568-8 978-3-642-17569-5},
	shorttitle = {Bayesian {Network} {Approach} to {Predict} {Mobile} {Churn} {Motivations}},
	url = {http://link.springer.com/10.1007/978-3-642-17569-5_30},
	urldate = {2020-08-26},
	booktitle = {Future {Generation} {Information} {Technology}},
	publisher = {Springer Berlin Heidelberg},
	author = {Lee, Kun Chang and Jo, Nam Yong},
	editor = {Kim, Tai-hoon and Lee, Young-hoon and Kang, Byeong-Ho and Ślęzak, Dominik},
	year = {2010},
	doi = {10.1007/978-3-642-17569-5_30},
	note = {ZSCC: NoCitationData[s0] 
Series Title: Lecture Notes in Computer Science},
	pages = {304--313}
}

@incollection{burgess_ai_2018,
	address = {Cham},
	title = {{AI} {Capabilities} {Framework}},
	isbn = {978-3-319-63819-5 978-3-319-63820-1},
	url = {http://link.springer.com/10.1007/978-3-319-63820-1_3},
	language = {en},
	urldate = {2020-08-26},
	booktitle = {The {Executive} {Guide} to {Artificial} {Intelligence}},
	publisher = {Springer International Publishing},
	author = {Burgess, Andrew},
	collaborator = {Burgess, Andrew},
	year = {2018},
	doi = {10.1007/978-3-319-63820-1_3},
	note = {ZSCC: 0000001 },
	pages = {29--54}
}

@incollection{marwala_rough_2011,
	address = {London},
	title = {Rough {Sets} for {Modeling} {Interstate} {Conflict}},
	isbn = {978-0-85729-789-1 978-0-85729-790-7},
	url = {http://link.springer.com/10.1007/978-0-85729-790-7_7},
	urldate = {2020-08-26},
	booktitle = {Militarized {Conflict} {Modeling} {Using} {Computational} {Intelligence}},
	publisher = {Springer London},
	author = {Marwala, Tshilidzi and Lagazio, Monica},
	collaborator = {Marwala, Tshilidzi and Lagazio, Monica},
	year = {2011},
	doi = {10.1007/978-0-85729-790-7_7},
	note = {ZSCC: 0000000 
Series Title: Advanced Information and Knowledge Processing},
	pages = {127--145}
}

@article{jafari-marandi_optimum_2020,
	title = {Optimum profit-driven churn decision making: innovative artificial neural networks in telecom industry},
	issn = {0941-0643, 1433-3058},
	shorttitle = {Optimum profit-driven churn decision making},
	url = {http://link.springer.com/10.1007/s00521-020-04850-6},
	doi = {10.1007/s00521-020-04850-6},
	language = {en},
	urldate = {2020-08-26},
	journal = {Neural Computing and Applications},
	author = {Jafari-Marandi, Ruholla and Denton, Joshua and Idris, Adnan and Smith, Brian K. and Keramati, Abbas},
	month = apr,
	year = {2020},
	note = {ZSCC: 0000000}
}

@incollection{akerkar_basic_2016,
	address = {Cham},
	title = {Basic {Learning} {Algorithms}},
	isbn = {978-3-319-29205-2 978-3-319-29206-9},
	url = {http://link.springer.com/10.1007/978-3-319-29206-9_3},
	language = {en},
	urldate = {2020-08-26},
	booktitle = {Intelligent {Techniques} for {Data} {Science}},
	publisher = {Springer International Publishing},
	author = {Akerkar, Rajendra and Sajja, Priti Srinivas},
	collaborator = {Akerkar, Rajendra and Sajja, Priti Srinivas},
	year = {2016},
	doi = {10.1007/978-3-319-29206-9_3},
	note = {ZSCC: 0000003 },
	pages = {53--93}
}

@article{kim_support_2013,
	title = {A support vector machine ({SVM}) approach to imbalanced datasets of customer responses: comparison with other customer response models},
	volume = {7},
	issn = {1862-8516, 1862-8508},
	shorttitle = {A support vector machine ({SVM}) approach to imbalanced datasets of customer responses},
	url = {http://link.springer.com/10.1007/s11628-012-0147-9},
	doi = {10.1007/s11628-012-0147-9},
	language = {en},
	number = {1},
	urldate = {2020-08-26},
	journal = {Service Business},
	author = {Kim, Gitae and Chae, Bongsug Kevin and Olson, David L.},
	month = mar,
	year = {2013},
	note = {ZSCC: 0000027},
	pages = {167--182}
}

@incollection{hillier_models_2008,
	address = {Boston, MA},
	title = {Models of {Customer} {Value}},
	volume = {121},
	isbn = {978-0-387-78212-6 978-0-387-78213-3},
	url = {http://link.springer.com/10.1007/978-0-387-78213-3_8},
	urldate = {2020-08-26},
	booktitle = {Handbook of {Marketing} {Decision} {Models}},
	publisher = {Springer US},
	author = {Gupta, Sunil and Lehmann, Donald R.},
	editor = {Hillier, Frederick S. and Wierenga, Berend},
	year = {2008},
	doi = {10.1007/978-0-387-78213-3_8},
	note = {ZSCC: NoCitationData[s0] 
Series Title: International Series in Operations Research \& Management Science},
	pages = {255--290}
}

@incollection{krafft_applications_2006,
	address = {Berlin/Heidelberg},
	title = {Applications of {Intelligent} {Technologies} in {Retail} {Marketing}},
	isbn = {978-3-540-28399-7},
	url = {http://link.springer.com/10.1007/3-540-28433-8_9},
	language = {en},
	urldate = {2020-08-26},
	booktitle = {Retailing in the 21st {Century}},
	publisher = {Springer-Verlag},
	author = {Ravi, Vadlamani and Raman, Kalyan and K. Mantrala, Murali},
	editor = {Krafft, Manfred and Mantrala, Murali K.},
	year = {2006},
	doi = {10.1007/3-540-28433-8_9},
	note = {ZSCC: NoCitationData[s0] },
	pages = {127--141}
}

@incollection{krafft_applications_2010,
	address = {Berlin, Heidelberg},
	title = {Applications of {Intelligent} {Technologies} in {Retail} {Marketing}},
	isbn = {978-3-540-72001-0 978-3-540-72003-4},
	url = {http://link.springer.com/10.1007/978-3-540-72003-4_11},
	language = {en},
	urldate = {2020-08-26},
	booktitle = {Retailing in the 21st {Century}},
	publisher = {Springer Berlin Heidelberg},
	author = {Ravi, Vadlamani and Raman, Kalyan and Mantrala, Murali K.},
	editor = {Krafft, Manfred and Mantrala, Murali K.},
	year = {2010},
	doi = {10.1007/978-3-540-72003-4_11},
	note = {ZSCC: NoCitationData[s0] },
	pages = {173--187}
}

@incollection{marwala_rough_2012,
	address = {London},
	title = {Rough {Sets} for {Condition} {Monitoring}},
	isbn = {978-1-4471-2379-8 978-1-4471-2380-4},
	url = {http://link.springer.com/10.1007/978-1-4471-2380-4_8},
	language = {en},
	urldate = {2020-08-26},
	booktitle = {Condition {Monitoring} {Using} {Computational} {Intelligence} {Methods}},
	publisher = {Springer London},
	author = {Marwala, Tshilidzi},
	collaborator = {Marwala, Tshilidzi},
	year = {2012},
	doi = {10.1007/978-1-4471-2380-4_8},
	note = {ZSCC: 0000000 },
	pages = {151--170}
}

@incollection{kim_utilizing_2014,
	address = {Cham},
	title = {Utilizing {Customers}’ {Purchase} and {Contract} {Renewal} {Details} to {Predict} {Defection} in the {Cloud} {Software} {Industry}},
	volume = {8863},
	isbn = {978-3-319-13331-7 978-3-319-13332-4},
	url = {http://link.springer.com/10.1007/978-3-319-13332-4_12},
	urldate = {2020-08-26},
	booktitle = {Knowledge {Management} and {Acquisition} for {Smart} {Systems} and {Services}},
	publisher = {Springer International Publishing},
	author = {Martono, Niken Prasasti and Kanamori, Katsutoshi and Ohwada, Hayato},
	editor = {Kim, Yang Sok and Kang, Byeong Ho and Richards, Deborah},
	year = {2014},
	doi = {10.1007/978-3-319-13332-4_12},
	note = {ZSCC: NoCitationData[s0] 
Series Title: Lecture Notes in Computer Science},
	pages = {138--149}
}

@incollection{nah_study_2018,
	address = {Cham},
	title = {A {Study} of {App} {User} {Behaviours}: {Transitions} from {Freemium} to {Premium}},
	volume = {10923},
	isbn = {978-3-319-91715-3 978-3-319-91716-0},
	shorttitle = {A {Study} of {App} {User} {Behaviours}},
	url = {http://link.springer.com/10.1007/978-3-319-91716-0_31},
	language = {en},
	urldate = {2020-08-26},
	booktitle = {{HCI} in {Business}, {Government}, and {Organizations}},
	publisher = {Springer International Publishing},
	author = {Mulligan, Christopher and Cruz, Carlito Vera and Healy, Donagh and Murphy, David and Hall, Margeret and Nelson, Quinn and Caton, Simon},
	editor = {Nah, Fiona Fui-Hoon and Xiao, Bo Sophia},
	year = {2018},
	doi = {10.1007/978-3-319-91716-0_31},
	note = {ZSCC: NoCitationData[s0] 
Series Title: Lecture Notes in Computer Science},
	pages = {396--412}
}

@incollection{velasquez_non-sequential_2009,
	address = {Berlin, Heidelberg},
	title = {A {Non}-sequential {Representation} of {Sequential} {Data} for {Churn} {Prediction}},
	volume = {5711},
	isbn = {978-3-642-04594-3 978-3-642-04595-0},
	url = {http://link.springer.com/10.1007/978-3-642-04595-0_26},
	urldate = {2020-08-26},
	booktitle = {Knowledge-{Based} and {Intelligent} {Information} and {Engineering} {Systems}},
	publisher = {Springer Berlin Heidelberg},
	author = {Eastwood, Mark and Gabrys, Bogdan},
	editor = {Velásquez, Juan D. and Ríos, Sebastián A. and Howlett, Robert J. and Jain, Lakhmi C.},
	year = {2009},
	doi = {10.1007/978-3-642-04595-0_26},
	note = {ZSCC: NoCitationData[s0] 
Series Title: Lecture Notes in Computer Science},
	pages = {209--218},
	file = {Eastwood_Gabrys_2009_A Non-sequential Representation of Sequential Data for Churn Prediction.pdf:C\:\\nuvem\\OneDrive - Instituto Politécnico de Santarém\\zotero\\storage\\JNUSD4QX\\Eastwood_Gabrys_2009_A Non-sequential Representation of Sequential Data for Churn Prediction.pdf:application/pdf}
}

@incollection{furnkranz_ranking_2010,
	address = {Berlin, Heidelberg},
	title = {Ranking {Cases} with {Classification} {Rules}},
	isbn = {978-3-642-14124-9 978-3-642-14125-6},
	url = {http://link.springer.com/10.1007/978-3-642-14125-6_8},
	language = {en},
	urldate = {2020-08-26},
	booktitle = {Preference {Learning}},
	publisher = {Springer Berlin Heidelberg},
	author = {Zhang, Jianping and Bala, Jerzy W. and Hadjarian, Ali and Han, Brent},
	editor = {Fürnkranz, Johannes and Hüllermeier, Eyke},
	year = {2010},
	doi = {10.1007/978-3-642-14125-6_8},
	note = {ZSCC: NoCitationData[s0] },
	pages = {155--177}
}

@incollection{kahraman_using_2020,
	address = {Cham},
	title = {Using {Support} {Vector} {Machine} for the {Prediction} of {Unpaid} {Credit} {Card} {Debts}},
	volume = {1029},
	isbn = {978-3-030-23755-4 978-3-030-23756-1},
	url = {http://link.springer.com/10.1007/978-3-030-23756-1_47},
	language = {en},
	urldate = {2020-08-26},
	booktitle = {Intelligent and {Fuzzy} {Techniques} in {Big} {Data} {Analytics} and {Decision} {Making}},
	publisher = {Springer International Publishing},
	author = {Yontar, Meltem and Dağ, Özge Hüsniye Namlı and Yanık, Seda},
	editor = {Kahraman, Cengiz and Cebi, Selcuk and Cevik Onar, Sezi and Oztaysi, Basar and Tolga, A. Cagri and Sari, Irem Ucal},
	year = {2020},
	doi = {10.1007/978-3-030-23756-1_47},
	note = {ZSCC: NoCitationData[s0] 
Series Title: Advances in Intelligent Systems and Computing},
	pages = {377--385}
}

@incollection{moscato_introducing_2019,
	address = {Cham},
	title = {Introducing {Clustering} with a {Focus} in {Marketing} and {Consumer} {Analysis}},
	isbn = {978-3-030-06221-7 978-3-030-06222-4},
	url = {http://link.springer.com/10.1007/978-3-030-06222-4_3},
	language = {en},
	urldate = {2020-08-26},
	booktitle = {Business and {Consumer} {Analytics}: {New} {Ideas}},
	publisher = {Springer International Publishing},
	author = {de Vries, Natalie Jane and Olech, Łukasz P. and Moscato, Pablo},
	editor = {Moscato, Pablo and de Vries, Natalie Jane},
	year = {2019},
	doi = {10.1007/978-3-030-06222-4_3},
	note = {ZSCC: 0000000 },
	pages = {165--212}
}

@incollection{dempsey_business--business_2018,
	address = {Cham},
	title = {Business-to-{Business} {Client} {Relationships} in the {Cloud} {Computing} {Software} as a {Service} {Realm}},
	isbn = {978-3-319-63993-2 978-3-319-63994-9},
	url = {http://link.springer.com/10.1007/978-3-319-63994-9_5},
	language = {en},
	urldate = {2020-08-26},
	booktitle = {Industry {Trends} in {Cloud} {Computing}},
	publisher = {Springer International Publishing},
	author = {Dempsey, David and Kelliher, Felicity},
	collaborator = {Dempsey, David and Kelliher, Felicity},
	year = {2018},
	doi = {10.1007/978-3-319-63994-9_5},
	note = {ZSCC: 0000002 },
	pages = {83--109}
}

@article{lessmann_customer-centric_2010,
	title = {Customer-{Centric} {Decision} {Support}: {A} {Benchmarking} {Study} of {Novel} {Versus} {Established} {Classification} {Models}},
	volume = {2},
	issn = {1867-0202},
	shorttitle = {Customer-{Centric} {Decision} {Support}},
	url = {http://link.springer.com/10.1007/s12599-010-0094-8},
	doi = {10.1007/s12599-010-0094-8},
	language = {en},
	number = {2},
	urldate = {2020-08-26},
	journal = {Business \& Information Systems Engineering},
	author = {Lessmann, Stefan and Voß, Stefan},
	month = apr,
	year = {2010},
	note = {ZSCC: NoCitationData[s0]},
	pages = {79--93},
	file = {Lessmann_Voß_2010_Customer-Centric Decision Support.pdf:C\:\\nuvem\\OneDrive - Instituto Politécnico de Santarém\\zotero\\storage\\TGIGICUJ\\Lessmann_Voß_2010_Customer-Centric Decision Support.pdf:application/pdf}
}

@article{idris_intelligent_2013,
	title = {Intelligent churn prediction in telecom: employing {mRMR} feature selection and {RotBoost} based ensemble classification},
	volume = {39},
	issn = {0924-669X, 1573-7497},
	shorttitle = {Intelligent churn prediction in telecom},
	url = {http://link.springer.com/10.1007/s10489-013-0440-x},
	doi = {10.1007/s10489-013-0440-x},
	language = {en},
	number = {3},
	urldate = {2020-08-26},
	journal = {Applied Intelligence},
	author = {Idris, Adnan and Khan, Asifullah and Lee, Yeon Soo},
	month = oct,
	year = {2013},
	note = {ZSCC: 0000063},
	pages = {659--672}
}

@incollection{noam_marketing_2019,
	address = {Cham},
	title = {Marketing of {Media} and {Information}},
	isbn = {978-3-319-71287-1 978-3-319-71288-8},
	url = {http://link.springer.com/10.1007/978-3-319-71288-8_10},
	language = {en},
	urldate = {2020-08-26},
	booktitle = {Managing {Media} and {Digital} {Organizations}},
	publisher = {Springer International Publishing},
	author = {Noam, Eli M.},
	collaborator = {Noam, Eli M.},
	year = {2019},
	doi = {10.1007/978-3-319-71288-8_10},
	note = {ZSCC: 0000000 },
	pages = {397--452}
}

@incollection{kacprzyk_soft_2004,
	address = {Berlin, Heidelberg},
	title = {Soft {Computing} {Based} {Decision} {Making} and {DSS}},
	volume = {157},
	isbn = {978-3-642-53588-8 978-3-540-44429-9},
	url = {http://link.springer.com/10.1007/978-3-540-44429-9_5},
	urldate = {2020-08-26},
	booktitle = {Soft {Computing} and its {Applications} in {Business} and {Economics}},
	publisher = {Springer Berlin Heidelberg},
	author = {Aliev, Rafik Aziz and Fazlollahi, Bijan and Aliev, Rashad Rafik},
	editor = {Kacprzyk, Janusz},
	collaborator = {Aliev, Rafik Aziz and Fazlollahi, Bijan and Aliev, Rashad Rafik},
	year = {2004},
	doi = {10.1007/978-3-540-44429-9_5},
	note = {ZSCC: NoCitationData[s0] 
Series Title: Studies in Fuzziness and Soft Computing},
	pages = {243--331}
}

@incollection{marwala_rough_2013,
	address = {London},
	title = {Rough {Sets} {Approach} to {Economic} {Modeling}: {Unlocking} {Knowledge} in {Financial} {Data}},
	isbn = {978-1-4471-5009-1 978-1-4471-5010-7},
	shorttitle = {Rough {Sets} {Approach} to {Economic} {Modeling}},
	url = {http://link.springer.com/10.1007/978-1-4471-5010-7_6},
	urldate = {2020-08-26},
	booktitle = {Economic {Modeling} {Using} {Artificial} {Intelligence} {Methods}},
	publisher = {Springer London},
	author = {Marwala, Tshilidzi},
	collaborator = {Marwala, Tshilidzi},
	year = {2013},
	doi = {10.1007/978-1-4471-5010-7_6},
	note = {ZSCC: 0000000 
Series Title: Advanced Information and Knowledge Processing},
	pages = {101--118}
}

@incollection{wierenga_marketing_2017,
	address = {Cham},
	title = {Marketing {Models} for the {Customer}-{Centric} {Firm}},
	volume = {254},
	isbn = {978-3-319-56939-0 978-3-319-56941-3},
	url = {http://link.springer.com/10.1007/978-3-319-56941-3_10},
	urldate = {2020-08-26},
	booktitle = {Handbook of {Marketing} {Decision} {Models}},
	publisher = {Springer International Publishing},
	author = {Ascarza, Eva and Fader, Peter S. and Hardie, Bruce G. S.},
	editor = {Wierenga, Berend and van der Lans, Ralf},
	year = {2017},
	doi = {10.1007/978-3-319-56941-3_10},
	note = {ZSCC: NoCitationData[s0] 
Series Title: International Series in Operations Research \& Management Science},
	pages = {297--329},
	file = {Ascarza et al_2017_Marketing Models for the Customer-Centric Firm.pdf:C\:\\nuvem\\OneDrive - Instituto Politécnico de Santarém\\zotero\\storage\\Z6MFTUHT\\Ascarza et al_2017_Marketing Models for the Customer-Centric Firm.pdf:application/pdf}
}

@article{mandhula_predicting_2020,
	title = {Predicting the customer’s opinion on amazon products using selective memory architecture-based convolutional neural network},
	volume = {76},
	issn = {0920-8542, 1573-0484},
	url = {http://link.springer.com/10.1007/s11227-019-03081-4},
	doi = {10.1007/s11227-019-03081-4},
	language = {en},
	number = {8},
	urldate = {2020-08-26},
	journal = {The Journal of Supercomputing},
	author = {Mandhula, Trupthi and Pabboju, Suresh and Gugulotu, Narsimha},
	month = aug,
	year = {2020},
	note = {ZSCC: NoCitationData[s0]},
	pages = {5923--5947}
}

@article{garcia_intelligent_2017,
	title = {Intelligent data analysis approaches to churn as a business problem: a survey},
	volume = {51},
	issn = {0219-1377, 0219-3116},
	shorttitle = {Intelligent data analysis approaches to churn as a business problem},
	url = {http://link.springer.com/10.1007/s10115-016-0995-z},
	doi = {10.1007/s10115-016-0995-z},
	language = {en},
	number = {3},
	urldate = {2020-08-26},
	journal = {Knowledge and Information Systems},
	author = {García, David L. and Nebot, Àngela and Vellido, Alfredo},
	month = jun,
	year = {2017},
	note = {ZSCC: 0000024},
	pages = {719--774},
	file = {García et al_2017_Intelligent data analysis approaches to churn as a business problem.pdf:C\:\\nuvem\\OneDrive - Instituto Politécnico de Santarém\\zotero\\storage\\A7X4LGAS\\García et al_2017_Intelligent data analysis approaches to churn as a business problem.pdf:application/pdf}
}

@incollection{rout_clustering_2020,
	address = {Cham},
	title = {Clustering {Bank} {Customer} {Complaints} on {Social} {Media} for {Analytical} {CRM} via {Multi}-objective {Particle} {Swarm} {Optimization}},
	volume = {871},
	isbn = {978-3-030-33819-0 978-3-030-33820-6},
	url = {http://link.springer.com/10.1007/978-3-030-33820-6_9},
	language = {en},
	urldate = {2020-08-26},
	booktitle = {Nature {Inspired} {Computing} for {Data} {Science}},
	publisher = {Springer International Publishing},
	author = {Gavval, Rohit and Ravi, Vadlamani},
	editor = {Rout, Minakhi and Rout, Jitendra Kumar and Das, Himansu},
	year = {2020},
	doi = {10.1007/978-3-030-33820-6_9},
	note = {ZSCC: NoCitationData[s0] 
Series Title: Studies in Computational Intelligence},
	pages = {213--239}
}

@article{lu_extracting_2017,
	title = {Extracting optimal actionable plans from additive tree models},
	volume = {11},
	issn = {2095-2228, 2095-2236},
	url = {http://link.springer.com/10.1007/s11704-016-5273-4},
	doi = {10.1007/s11704-016-5273-4},
	language = {en},
	number = {1},
	urldate = {2020-08-26},
	journal = {Frontiers of Computer Science},
	author = {Lu, Qiang and Cui, Zhicheng and Chen, Yixin and Chen, Xiaoping},
	month = feb,
	year = {2017},
	note = {ZSCC: 0000009},
	pages = {160--173}
}

@incollection{emmanouilidis_improving_2013,
	address = {Berlin, Heidelberg},
	title = {Improving {Tree}-{Based} {Classification} {Rules} {Using} a {Particle} {Swarm} {Optimization}},
	volume = {398},
	isbn = {978-3-642-40360-6 978-3-642-40361-3},
	url = {http://link.springer.com/10.1007/978-3-642-40361-3_2},
	urldate = {2020-08-26},
	booktitle = {Advances in {Production} {Management} {Systems}. {Competitive} {Manufacturing} for {Innovative} {Products} and {Services}},
	publisher = {Springer Berlin Heidelberg},
	author = {Jun, Chi-Hyuck and Cho, Yun-Ju and Lee, Hyeseon},
	editor = {Emmanouilidis, Christos and Taisch, Marco and Kiritsis, Dimitris},
	year = {2013},
	doi = {10.1007/978-3-642-40361-3_2},
	note = {ZSCC: NoCitationData[s0] 
Series Title: IFIP Advances in Information and Communication Technology},
	pages = {9--16},
	file = {Jun et al_2013_Improving Tree-Based Classification Rules Using a Particle Swarm Optimization.pdf:C\:\\nuvem\\OneDrive - Instituto Politécnico de Santarém\\zotero\\storage\\NSZQ6VM9\\Jun et al_2013_Improving Tree-Based Classification Rules Using a Particle Swarm Optimization.pdf:application/pdf}
}

@article{bajaber_big_2016,
	title = {Big {Data} 2.0 {Processing} {Systems}: {Taxonomy} and {Open} {Challenges}},
	volume = {14},
	issn = {1570-7873, 1572-9184},
	shorttitle = {Big {Data} 2.0 {Processing} {Systems}},
	url = {http://link.springer.com/10.1007/s10723-016-9371-1},
	doi = {10.1007/s10723-016-9371-1},
	language = {en},
	number = {3},
	urldate = {2020-08-26},
	journal = {Journal of Grid Computing},
	author = {Bajaber, Fuad and Elshawi, Radwa and Batarfi, Omar and Altalhi, Abdulrahman and Barnawi, Ahmed and Sakr, Sherif},
	month = sep,
	year = {2016},
	note = {ZSCC: 0000050},
	pages = {379--405}
}

@incollection{neukart_pillars_2017,
	address = {Wiesbaden},
	title = {Pillars of artificial intelligence},
	isbn = {978-3-658-16175-0 978-3-658-16176-7},
	url = {http://link.springer.com/10.1007/978-3-658-16176-7_2},
	language = {en},
	urldate = {2020-08-26},
	booktitle = {Reverse {Engineering} the {Mind}},
	publisher = {Springer Fachmedien Wiesbaden},
	author = {Neukart, Florian},
	collaborator = {Neukart, Florian},
	year = {2017},
	doi = {10.1007/978-3-658-16176-7_2},
	note = {ZSCC: 0000000 },
	pages = {25--37}
}

@incollection{mirkin_topics_2019,
	address = {Cham},
	title = {Topics in {Substance} of {Data} {Analysis}},
	isbn = {978-3-030-00270-1 978-3-030-00271-8},
	url = {http://link.springer.com/10.1007/978-3-030-00271-8_1},
	language = {en},
	urldate = {2020-08-26},
	booktitle = {Core {Data} {Analysis}: {Summarization}, {Correlation}, and {Visualization}},
	publisher = {Springer International Publishing},
	author = {Mirkin, Boris},
	collaborator = {Mirkin, Boris},
	year = {2019},
	doi = {10.1007/978-3-030-00271-8_1},
	note = {ZSCC: 0000000 
Series Title: Undergraduate Topics in Computer Science},
	pages = {1--75}
}

@incollection{kacprzyk_bregman_2012,
	address = {Berlin, Heidelberg},
	title = {Bregman {Bubble} {Clustering}: {A} {Robust} {Framework} for {Mining} {Dense} {Clusters}},
	volume = {23},
	isbn = {978-3-642-23165-0 978-3-642-23166-7},
	shorttitle = {Bregman {Bubble} {Clustering}},
	url = {http://link.springer.com/10.1007/978-3-642-23166-7_7},
	language = {en},
	urldate = {2020-08-26},
	booktitle = {Data {Mining}: {Foundations} and {Intelligent} {Paradigms}},
	publisher = {Springer Berlin Heidelberg},
	author = {Ghosh, Joydeep and Gupta, Gunjan},
	editor = {Kacprzyk, Janusz and Jain, Lakhmi C. and Holmes, Dawn E. and Jain, Lakhmi C.},
	year = {2012},
	doi = {10.1007/978-3-642-23166-7_7},
	note = {ZSCC: NoCitationData[s0] 
Series Title: Intelligent Systems Reference Library},
	pages = {157--208},
	file = {Ghosh_Gupta_2012_Bregman Bubble Clustering.pdf:C\:\\nuvem\\OneDrive - Instituto Politécnico de Santarém\\zotero\\storage\\VMWFJBED\\Ghosh_Gupta_2012_Bregman Bubble Clustering.pdf:application/pdf}
}

@article{bandyopadhyay_model_2019,
	title = {A model to analyze the challenge of using cyber insurance},
	volume = {21},
	issn = {1387-3326, 1572-9419},
	url = {http://link.springer.com/10.1007/s10796-017-9737-3},
	doi = {10.1007/s10796-017-9737-3},
	language = {en},
	number = {2},
	urldate = {2020-08-26},
	journal = {Information Systems Frontiers},
	author = {Bandyopadhyay, Trid and Mookerjee, Vijay},
	month = apr,
	year = {2019},
	note = {ZSCC: 0000003},
	pages = {301--325}
}

@incollection{bellatreche_application_2011,
	address = {Berlin, Heidelberg},
	title = {An {Application} of {Locally} {Linear} {Model} {Tree} {Algorithm} for {Predictive} {Accuracy} of {Credit} {Scoring}},
	volume = {6918},
	isbn = {978-3-642-24442-1 978-3-642-24443-8},
	url = {http://link.springer.com/10.1007/978-3-642-24443-8_15},
	urldate = {2020-08-26},
	booktitle = {Model and {Data} {Engineering}},
	publisher = {Springer Berlin Heidelberg},
	author = {Siami, Mohammad and Gholamian, Mohammad Reza and Basiri, Javad and Fathian, Mohammad},
	editor = {Bellatreche, Ladjel and Mota Pinto, Filipe},
	year = {2011},
	doi = {10.1007/978-3-642-24443-8_15},
	note = {ZSCC: NoCitationData[s0] 
Series Title: Lecture Notes in Computer Science},
	pages = {133--142}
}

@article{antipov_applying_2010,
	title = {Applying {CHAID} for logistic regression diagnostics and classification accuracy improvement},
	volume = {18},
	issn = {1479-1862},
	url = {http://link.springer.com/10.1057/jt.2010.3},
	doi = {10.1057/jt.2010.3},
	language = {en},
	number = {2},
	urldate = {2020-08-26},
	journal = {Journal of Targeting, Measurement and Analysis for Marketing},
	author = {Antipov, Evgeny and Pokryshevskaya, Elena},
	month = jun,
	year = {2010},
	note = {ZSCC: 0000050},
	pages = {109--117},
	file = {Antipov_Pokryshevskaya_2010_Applying CHAID for logistic regression diagnostics and classification accuracy.pdf:C\:\\nuvem\\OneDrive - Instituto Politécnico de Santarém\\zotero\\storage\\8D37HZP7\\Antipov_Pokryshevskaya_2010_Applying CHAID for logistic regression diagnostics and classification accuracy.pdf:application/pdf}
}

@incollection{nicoletti_advanced_2016,
	address = {London},
	title = {Advanced {Solutions}},
	isbn = {978-1-349-55858-2 978-1-137-55327-0},
	url = {http://link.springer.com/10.1057/9781137553270_5},
	language = {en},
	urldate = {2020-08-26},
	booktitle = {Digital {Insurance}},
	publisher = {Palgrave Macmillan UK},
	author = {Nicoletti, Bernardo},
	collaborator = {Nicoletti, Bernardo},
	year = {2016},
	doi = {10.1057/9781137553270_5},
	note = {ZSCC: 0000000 },
	pages = {122--195}
}

@article{yue_learning_2018,
	title = {Learning from users: a data-driven method of {QoE} evaluation for {Internet} video},
	volume = {77},
	issn = {1380-7501, 1573-7721},
	shorttitle = {Learning from users},
	url = {http://link.springer.com/10.1007/s11042-018-5918-4},
	doi = {10.1007/s11042-018-5918-4},
	language = {en},
	number = {20},
	urldate = {2020-08-26},
	journal = {Multimedia Tools and Applications},
	author = {Yue, Ting and Wang, Hongbo and Cheng, Shiduan},
	month = oct,
	year = {2018},
	note = {ZSCC: 0000007},
	pages = {27269--27300}
}

@article{fildes_forecasting_2008,
	title = {Forecasting and operational research: a review},
	volume = {59},
	issn = {0160-5682, 1476-9360},
	shorttitle = {Forecasting and operational research},
	url = {https://www.tandfonline.com/doi/full/10.1057/palgrave.jors.2602597},
	doi = {10.1057/palgrave.jors.2602597},
	language = {en},
	number = {9},
	urldate = {2020-08-26},
	journal = {Journal of the Operational Research Society},
	author = {Fildes, R and Nikolopoulos, K and Crone, S F and Syntetos, A A},
	month = sep,
	year = {2008},
	note = {ZSCC: 0000286},
	pages = {1150--1172},
	file = {Fildes et al_2008_Forecasting and operational research.pdf:C\:\\nuvem\\OneDrive - Instituto Politécnico de Santarém\\zotero\\storage\\P6B37LCK\\Fildes et al_2008_Forecasting and operational research.pdf:application/pdf}
}

@incollection{kuhn_discriminant_2013,
	address = {New York, NY},
	title = {Discriminant {Analysis} and {Other} {Linear} {Classification} {Models}},
	isbn = {978-1-4614-6848-6 978-1-4614-6849-3},
	url = {http://link.springer.com/10.1007/978-1-4614-6849-3_12},
	language = {en},
	urldate = {2020-08-26},
	booktitle = {Applied {Predictive} {Modeling}},
	publisher = {Springer New York},
	author = {Kuhn, Max and Johnson, Kjell},
	collaborator = {Kuhn, Max and Johnson, Kjell},
	year = {2013},
	doi = {10.1007/978-1-4614-6849-3_12},
	note = {ZSCC: 0000023 },
	pages = {275--328}
}

@incollection{tamir_fuzzy-based_2015,
	address = {Cham},
	title = {A {Fuzzy}-{Based} {Approach} to {Survival} {Data} {Mining}},
	volume = {326},
	isbn = {978-3-319-19682-4 978-3-319-19683-1},
	url = {http://link.springer.com/10.1007/978-3-319-19683-1_18},
	urldate = {2020-08-26},
	booktitle = {Fifty {Years} of {Fuzzy} {Logic} and its {Applications}},
	publisher = {Springer International Publishing},
	author = {Last, Mark and Halpert, Hezi},
	editor = {Tamir, Dan E. and Rishe, Naphtali D. and Kandel, Abraham},
	year = {2015},
	doi = {10.1007/978-3-319-19683-1_18},
	note = {ZSCC: NoCitationData[s0] 
Series Title: Studies in Fuzziness and Soft Computing},
	pages = {337--359}
}

@incollection{garcia_marquez_strategic_2017,
	address = {Cham},
	title = {The {Strategic} {Business} {Value} of {Big} {Data}},
	isbn = {978-3-319-45497-9 978-3-319-45498-6},
	url = {http://link.springer.com/10.1007/978-3-319-45498-6_3},
	language = {en},
	urldate = {2020-08-26},
	booktitle = {Big {Data} {Management}},
	publisher = {Springer International Publishing},
	author = {Serrato, Marco and Ramirez, Jorge},
	editor = {García Márquez, Fausto Pedro and Lev, Benjamin},
	year = {2017},
	doi = {10.1007/978-3-319-45498-6_3},
	note = {ZSCC: NoCitationData[s0] },
	pages = {47--70}
}

@article{anand_knowledge_2007,
	title = {Knowledge discovery standards},
	volume = {27},
	issn = {0269-2821, 1573-7462},
	url = {http://link.springer.com/10.1007/s10462-008-9067-4},
	doi = {10.1007/s10462-008-9067-4},
	language = {en},
	number = {1},
	urldate = {2020-08-26},
	journal = {Artificial Intelligence Review},
	author = {Anand, Sarabjot Singh and Grobelnik, Marko and Herrmann, Frank and Hornick, Mark and Lingenfelder, Christoph and Rooney, Niall and Wettschereck, Dietrich},
	month = jan,
	year = {2007},
	note = {ZSCC: 0000014},
	pages = {21--56}
}

@incollection{skilton_how_2015,
	address = {London},
	title = {How to {Build} the {Right} {Digital} {Enterprise} for {Payoff} and {Monetization}},
	isbn = {978-1-349-55528-4 978-1-137-47772-9},
	url = {http://link.springer.com/10.1057/9781137477729_5},
	language = {en},
	urldate = {2020-08-26},
	booktitle = {Building the {Digital} {Enterprise}},
	publisher = {Palgrave Macmillan UK},
	author = {Skilton, Mark},
	collaborator = {Skilton, Mark},
	year = {2015},
	doi = {10.1057/9781137477729_5},
	note = {ZSCC: 0000000 },
	pages = {155--184}
}

@article{al-molhem_social_2019,
	title = {Social network analysis in {Telecom} data},
	volume = {6},
	issn = {2196-1115},
	url = {https://journalofbigdata.springeropen.com/articles/10.1186/s40537-019-0264-6},
	doi = {10.1186/s40537-019-0264-6},
	language = {en},
	number = {1},
	urldate = {2020-08-26},
	journal = {Journal of Big Data},
	author = {Al-Molhem, Nour Raeef and Rahal, Yasser and Dakkak, Mustapha},
	month = dec,
	year = {2019},
	note = {ZSCC: 0000001},
	pages = {99},
	file = {Al-Molhem et al_2019_Social network analysis in Telecom data.pdf:C\:\\nuvem\\OneDrive - Instituto Politécnico de Santarém\\zotero\\storage\\GKER4D3U\\Al-Molhem et al_2019_Social network analysis in Telecom data.pdf:application/pdf}
}

@incollection{silhavy_mining_2016,
	address = {Cham},
	title = {Mining {Customer} {Behavior} in {Trial} {Period} of a {Web} {Application} {Usage}—{Case} {Study}},
	volume = {464},
	isbn = {978-3-319-33623-7 978-3-319-33625-1},
	url = {http://link.springer.com/10.1007/978-3-319-33625-1_30},
	urldate = {2020-08-26},
	booktitle = {Artificial {Intelligence} {Perspectives} in {Intelligent} {Systems}},
	publisher = {Springer International Publishing},
	author = {Matošević, Goran and Bevanda, Vanja},
	editor = {Silhavy, Radek and Senkerik, Roman and Oplatkova, Zuzana Kominkova and Silhavy, Petr and Prokopova, Zdenka},
	year = {2016},
	doi = {10.1007/978-3-319-33625-1_30},
	note = {ZSCC: NoCitationData[s0] 
Series Title: Advances in Intelligent Systems and Computing},
	pages = {335--346}
}

@incollection{kuhn_nonlinear_2013,
	address = {New York, NY},
	title = {Nonlinear {Classification} {Models}},
	isbn = {978-1-4614-6848-6 978-1-4614-6849-3},
	url = {http://link.springer.com/10.1007/978-1-4614-6849-3_13},
	language = {en},
	urldate = {2020-08-26},
	booktitle = {Applied {Predictive} {Modeling}},
	publisher = {Springer New York},
	author = {Kuhn, Max and Johnson, Kjell},
	collaborator = {Kuhn, Max and Johnson, Kjell},
	year = {2013},
	doi = {10.1007/978-1-4614-6849-3_13},
	note = {ZSCC: 0000002 },
	pages = {329--367}
}

@article{baumann_price_2019,
	title = {The {Price} of {Privacy}: {An} {Evaluation} of the {Economic} {Value} of {Collecting} {Clickstream} {Data}},
	volume = {61},
	issn = {2363-7005, 1867-0202},
	shorttitle = {The {Price} of {Privacy}},
	url = {http://link.springer.com/10.1007/s12599-018-0528-2},
	doi = {10.1007/s12599-018-0528-2},
	language = {en},
	number = {4},
	urldate = {2020-08-26},
	journal = {Business \& Information Systems Engineering},
	author = {Baumann, Annika and Haupt, Johannes and Gebert, Fabian and Lessmann, Stefan},
	month = aug,
	year = {2019},
	note = {ZSCC: NoCitationData[s0]},
	pages = {413--431}
}

@incollection{atwal_dataops_2020,
	address = {Berkeley, CA},
	title = {The {DataOps} {Factory}},
	isbn = {978-1-4842-5103-4 978-1-4842-5104-1},
	url = {http://link.springer.com/10.1007/978-1-4842-5104-1_10},
	language = {en},
	urldate = {2020-08-26},
	booktitle = {Practical {DataOps}},
	publisher = {Apress},
	author = {Atwal, Harvinder},
	collaborator = {Atwal, Harvinder},
	year = {2020},
	doi = {10.1007/978-1-4842-5104-1_10},
	note = {ZSCC: 0000001 },
	pages = {249--266}
}

@article{kamakura_choice_2005,
	title = {Choice {Models} and {Customer} {Relationship} {Management}},
	volume = {16},
	issn = {0923-0645, 1573-059X},
	url = {http://link.springer.com/10.1007/s11002-005-5892-2},
	doi = {10.1007/s11002-005-5892-2},
	language = {en},
	number = {3-4},
	urldate = {2020-08-26},
	journal = {Marketing Letters},
	author = {Kamakura, Wagner and Mela, Carl F. and Ansari, Asim and Bodapati, Anand and Fader, Pete and Iyengar, Raghuram and Naik, Prasad and Neslin, Scott and Sun, Baohong and Verhoef, Peter C. and Wedel, Michel and Wilcox, Ron},
	month = dec,
	year = {2005},
	note = {ZSCC: 0000219},
	pages = {279--291},
	file = {Kamakura et al_2005_Choice Models and Customer Relationship Management.pdf:C\:\\nuvem\\OneDrive - Instituto Politécnico de Santarém\\zotero\\storage\\N4HX628Y\\Kamakura et al_2005_Choice Models and Customer Relationship Management.pdf:application/pdf}
}

@incollection{kacprzyk_predictive_2010,
	address = {Berlin, Heidelberg},
	title = {Predictive {Modeling} on {Multiple} {Marketing} {Objectives} {Using} {Evolutionary} {Computation}},
	volume = {258},
	isbn = {978-3-642-15605-2 978-3-642-15606-9},
	url = {http://link.springer.com/10.1007/978-3-642-15606-9_13},
	urldate = {2020-08-26},
	booktitle = {Marketing {Intelligent} {Systems} {Using} {Soft} {Computing}},
	publisher = {Springer Berlin Heidelberg},
	author = {Bhattacharyya, Siddhartha},
	editor = {Kacprzyk, Janusz and Casillas, Jorge and Martínez-López, Francisco J.},
	year = {2010},
	doi = {10.1007/978-3-642-15606-9_13},
	note = {ZSCC: NoCitationData[s0] 
Series Title: Studies in Fuzziness and Soft Computing},
	pages = {155--179}
}

@incollection{cohan_creating_2019,
	address = {Berkeley, CA},
	title = {Creating {Growth} {Trajectories}},
	isbn = {978-1-4842-4311-4 978-1-4842-4312-1},
	url = {http://link.springer.com/10.1007/978-1-4842-4312-1_2},
	language = {en},
	urldate = {2020-08-26},
	booktitle = {Scaling {Your} {Startup}},
	publisher = {Apress},
	author = {Cohan, Peter S.},
	collaborator = {Cohan, Peter S.},
	year = {2019},
	doi = {10.1007/978-1-4842-4312-1_2},
	note = {ZSCC: 0000000 },
	pages = {21--52}
}

@incollection{pyne_application-level_2016,
	address = {New Delhi},
	title = {Application-{Level} {Benchmarking} of {Big} {Data} {Systems}},
	isbn = {978-81-322-3626-9 978-81-322-3628-3},
	url = {http://link.springer.com/10.1007/978-81-322-3628-3_10},
	language = {en},
	urldate = {2020-08-26},
	booktitle = {Big {Data} {Analytics}},
	publisher = {Springer India},
	author = {Baru, Chaitanya and Rabl, Tilmann},
	editor = {Pyne, Saumyadipta and Rao, B.L.S. Prakasa and Rao, S.B.},
	year = {2016},
	doi = {10.1007/978-81-322-3628-3_10},
	note = {ZSCC: NoCitationData[s0] },
	pages = {189--199},
	file = {Baru_Rabl_2016_Application-Level Benchmarking of Big Data Systems.pdf:C\:\\nuvem\\OneDrive - Instituto Politécnico de Santarém\\zotero\\storage\\LZ5ZH67Y\\Baru_Rabl_2016_Application-Level Benchmarking of Big Data Systems.pdf:application/pdf}
}

@incollection{aggarwal_community_2011,
	address = {Boston, MA},
	title = {Community {Discovery} in {Social} {Networks}: {Applications}, {Methods} and {Emerging} {Trends}},
	isbn = {978-1-4419-8461-6 978-1-4419-8462-3},
	shorttitle = {Community {Discovery} in {Social} {Networks}},
	url = {http://link.springer.com/10.1007/978-1-4419-8462-3_4},
	language = {en},
	urldate = {2020-08-26},
	booktitle = {Social {Network} {Data} {Analytics}},
	publisher = {Springer US},
	author = {Parthasarathy, S. and Ruan, Y. and Satuluri, V.},
	editor = {Aggarwal, Charu C.},
	year = {2011},
	doi = {10.1007/978-1-4419-8462-3_4},
	note = {ZSCC: NoCitationData[s0] },
	pages = {79--113}
}

@incollection{braschler_statistical_2019,
	address = {Cham},
	title = {Statistical {Modelling}},
	isbn = {978-3-030-11820-4 978-3-030-11821-1},
	url = {http://link.springer.com/10.1007/978-3-030-11821-1_11},
	language = {en},
	urldate = {2020-08-26},
	booktitle = {Applied {Data} {Science}},
	publisher = {Springer International Publishing},
	author = {Dettling, Marcel and Ruckstuhl, Andreas},
	editor = {Braschler, Martin and Stadelmann, Thilo and Stockinger, Kurt},
	year = {2019},
	doi = {10.1007/978-3-030-11821-1_11},
	note = {ZSCC: NoCitationData[s0] },
	pages = {181--203}
}

@article{hussain_evaluating_2019,
	title = {Evaluating the impact of service quality on the dynamics of customer satisfaction in the telecommunication industry of {Jorhat}, {Assam}},
	volume = {71},
	issn = {1018-4864, 1572-9451},
	url = {http://link.springer.com/10.1007/s11235-018-0514-5},
	doi = {10.1007/s11235-018-0514-5},
	language = {en},
	number = {1},
	urldate = {2020-08-26},
	journal = {Telecommunication Systems},
	author = {Hussain, Syed Abou Iltaf and Baruah, Debasish and Dutta, Bapi and Mandal, Uttam Kumar and Mondal, Sankar Prasad and Nath, Thuleswar},
	month = may,
	year = {2019},
	note = {ZSCC: 0000002},
	pages = {31--53}
}
